[
  {
    "id": 1000,
    "title": "Movie_0",
    "release_date": "2021-07-26",
    "genres": [
      {
        "id": 0,
        "name": "Horror"
      }
    ],
    "vote_average": 5.2,
    "popularity": 72.96,
    "budget": 195000000,
    "revenue": 667038478,
    "runtime": 999,
    "production_countries": [
      {
        "iso_3166_1": "UK"
      }
    ]
  },
  {
    "id": 1001,
    "title": "Movie_1",
    "release_date": "2021-05-06",
    "genres": [
      {
        "id": 0,
        "name": "Comedy"
      }
    ],
    "vote_average": 6.5,
    "popularity": 414.25,
    "budget": 193000000,
    "revenue": 253115799,
    "runtime": 88,
    "production_countries": [
      {
        "iso_3166_1": "JP"
      }
    ]
  },
  {
    "id": 1002,
    "title": "Movie_2",
    "release_date": "2021-10-16",
    "genres": [
      {
        "id": 0,
        "name": "Horror"
      },
      {
        "id": 1,
        "name": "Documentary"
      }
    ],
    "vote_average": 8.7,
    "popularity": 154.02,
    "budget": 0,
    "revenue": 0,
    "runtime": 101,
    "production_countries": [
      {
        "iso_3166_1": "KR"
      }
    ]
  },
  {
    "id": 1003,
    "title": "Movie_3",
    "release_date": "2022-03-19",
    "genres": [
      {
        "id": 0,
        "name": "Romance"
      }
    ],
    "vote_average": 6.0,
    "popularity": 491.89,
    "budget": 0,
    "revenue": 0,
    "runtime": 91,
    "production_countries": [
      {
        "iso_3166_1": "KR"
      }
    ]
  },
  {
    "id": 1004,
    "title": "Movie_4",
    "release_date": "2016-12-30",
    "genres": [
      {
        "id": 0,
        "name": "Documentary"
      }
    ],
    "vote_average": 8.4,
    "popularity": 29.58,
    "budget": 153000000,
    "revenue": 282275280,
    "runtime": 141,
    "production_countries": [
      {
        "iso_3166_1": "KR"
      }
    ]
  },
  {
    "id": 1005,
    "title": "Movie_5",
    "release_date": "2017-10-28",
    "genres": [
      {
        "id": 0,
        "name": "Horror"
      },
      {
        "id": 1,
        "name": "Drama"
      }
    ],
    "vote_average": 6.3,
    "popularity": 112.2,
    "budget": 136000000,
    "revenue": 304400217,
    "runtime": 123,
    "production_countries": [
      {
        "iso_3166_1": "KR"
      }
    ]
  },
  {
    "id": 1006,
    "title": "Movie_6",
    "release_date": "2023-03-16",
    "genres": [
      {
        "id": 0,
        "name": "Romance"
      }
    ],
    "vote_average": 7.0,
    "popularity": 179.6,
    "budget": 102000000,
    "revenue": 266892561,
    "runtime": 94,
    "production_countries": [
      {
        "iso_3166_1": "KR"
      }
    ]
  },
  {
    "id": 1007,
    "title": "Movie_7",
    "release_date": "2015-03-29",
    "genres": [
      {
        "id": 0,
        "name": "Horror"
      }
    ],
    "vote_average": 8.5,
    "popularity": 444.36,
    "budget": 0,
    "revenue": 0,
    "runtime": 167,
    "production_countries": [
      {
        "iso_3166_1": "US"
      }
    ]
  },
  {
    "id": 1008,
    "title": "Movie_8",
    "release_date": "2021-04-27",
    "genres": [
      {
        "id": 0,
        "name": "Action"
      },
      {
        "id": 1,
        "name": "Drama"
      }
    ],
    "vote_average": 6.5,
    "popularity": 471.36,
    "budget": 22000000,
    "revenue": 31430626,
    "runtime": 87,
    "production_countries": [
      {
        "iso_3166_1": "US"
      }
    ]
  },
  {
    "id": 1009,
    "title": "Movie_9",
    "release_date": "2022-11-07",
    "genres": [
      {
        "id": 0,
        "name": "Documentary"
      }
    ],
    "vote_average": 7.6,
    "popularity": 29.24,
    "budget": 60000000,
    "revenue": 238950291,
    "runtime": 107,
    "production_countries": [
      {
        "iso_3166_1": "JP"
      }
    ]
  },
  {
    "id": 1010,
    "title": "Movie_10",
    "release_date": "2016-09-02",
    "genres": [
      {
        "id": 0,
        "name": "Drama"
      }
    ],
    "vote_average": 6.2,
    "popularity": 281.44,
    "budget": 0,
    "revenue": 0,
    "runtime": 175,
    "production_countries": [
      {
        "iso_3166_1": "US"
      }
    ]
  },
  {
    "id": 1011,
    "title": "Movie_11",
    "release_date": "2016-03-24",
    "genres": [
      {
        "id": 0,
        "name": "Documentary"
      }
    ],
    "vote_average": 7.4,
    "popularity": 274.95,
    "budget": 0,
    "revenue": 0,
    "runtime": 112,
    "production_countries": [
      {
        "iso_3166_1": "US"
      }
    ]
  },
  {
    "id": 1012,
    "title": "Movie_12",
    "release_date": "2018-05-24",
    "genres": [
      {
        "id": 0,
        "name": "Sci-Fi"
      },
      {
        "id": 1,
        "name": "Documentary"
      }
    ],
    "vote_average": 5.4,
    "popularity": 431.36,
    "budget": 87000000,
    "revenue": 125419464,
    "runtime": 100,
    "production_countries": [
      {
        "iso_3166_1": "UK"
      }
    ]
  },
  {
    "id": 1013,
    "title": "Movie_13",
    "release_date": "2021-07-12",
    "genres": [
      {
        "id": 0,
        "name": "Drama"
      }
    ],
    "vote_average": 0.0,
    "popularity": 441.96,
    "budget": 144000000,
    "revenue": 364035810,
    "runtime": 169,
    "production_countries": [
      {
        "iso_3166_1": "KR"
      }
    ]
  },
  {
    "id": 1014,
    "title": "Movie_14",
    "release_date": "2015-05-18",
    "genres": [
      {
        "id": 0,
        "name": "Romance"
      },
      {
        "id": 1,
        "name": "Documentary"
      }
    ],
    "vote_average": 5.7,
    "popularity": 294.57,
    "budget": 30000000,
    "revenue": 50799739,
    "runtime": 160,
    "production_countries": [
      {
        "iso_3166_1": "FR"
      }
    ]
  },
  {
    "id": 1015,
    "title": "Movie_15",
    "release_date": "2022-07-15",
    "genres": [
      {
        "id": 0,
        "name": "Action"
      }
    ],
    "vote_average": 7.4,
    "popularity": 305.36,
    "budget": 148000000,
    "revenue": 186768836,
    "runtime": 124,
    "production_countries": [
      {
        "iso_3166_1": "FR"
      }
    ]
  },
  {
    "id": 1016,
    "title": "Movie_16",
    "release_date": "2016-05-06",
    "genres": [
      {
        "id": 0,
        "name": "Drama"
      },
      {
        "id": 1,
        "name": "Horror"
      }
    ],
    "vote_average": 7.2,
    "popularity": 22.2,
    "budget": 20000000,
    "revenue": 45563318,
    "runtime": 146,
    "production_countries": [
      {
        "iso_3166_1": "FR"
      }
    ]
  },
  {
    "id": 1017,
    "title": "Movie_17",
    "release_date": "2017-02-12",
    "genres": [
      {
        "id": 0,
        "name": "Romance"
      }
    ],
    "vote_average": 8.3,
    "popularity": 31.62,
    "budget": 176000000,
    "revenue": 690888982,
    "runtime": 145,
    "production_countries": [
      {
        "iso_3166_1": "FR"
      }
    ]
  },
  {
    "id": 1018,
    "title": "Movie_18",
    "release_date": "2016-02-28",
    "genres": [
      {
        "id": 0,
        "name": "Romance"
      }
    ],
    "vote_average": 7.7,
    "popularity": 179.16,
    "budget": 49000000,
    "revenue": 205063820,
    "runtime": 127,
    "production_countries": [
      {
        "iso_3166_1": "US"
      }
    ]
  },
  {
    "id": 1019,
    "title": "Movie_19",
    "release_date": "2016-04-21",
    "genres": [
      {
        "id": 0,
        "name": "Drama"
      },
      {
        "id": 1,
        "name": "Sci-Fi"
      }
    ],
    "vote_average": 8.0,
    "popularity": 240.54,
    "budget": 133000000,
    "revenue": 404986476,
    "runtime": 157,
    "production_countries": [
      {
        "iso_3166_1": "UK"
      }
    ]
  },
  {
    "id": 1020,
    "title": "Movie_20",
    "release_date": "2020-05-05",
    "genres": [
      {
        "id": 0,
        "name": "Comedy"
      },
      {
        "id": 1,
        "name": "Drama"
      }
    ],
    "vote_average": 7.6,
    "popularity": 330.21,
    "budget": 0,
    "revenue": 0,
    "runtime": 999,
    "production_countries": [
      {
        "iso_3166_1": "FR"
      }
    ]
  },
  {
    "id": 1021,
    "title": "Movie_21",
    "release_date": "2021-11-25",
    "genres": [
      {
        "id": 0,
        "name": "Comedy"
      },
      {
        "id": 1,
        "name": "Romance"
      }
    ],
    "vote_average": 8.8,
    "popularity": 147.54,
    "budget": 90000000,
    "revenue": 316035358,
    "runtime": 173,
    "production_countries": [
      {
        "iso_3166_1": "US"
      }
    ]
  },
  {
    "id": 1022,
    "title": "Movie_22",
    "release_date": "2016-01-31",
    "genres": [
      {
        "id": 0,
        "name": "Sci-Fi"
      },
      {
        "id": 1,
        "name": "Action"
      }
    ],
    "vote_average": 6.6,
    "popularity": 75.14,
    "budget": 55000000,
    "revenue": 65022406,
    "runtime": 168,
    "production_countries": [
      {
        "iso_3166_1": "JP"
      }
    ]
  },
  {
    "id": 1023,
    "title": "Movie_23",
    "release_date": "2018-07-05",
    "genres": [
      {
        "id": 0,
        "name": "Action"
      }
    ],
    "vote_average": 6.8,
    "popularity": 327.51,
    "budget": 168000000,
    "revenue": 367533218,
    "runtime": 155,
    "production_countries": [
      {
        "iso_3166_1": "JP"
      }
    ]
  },
  {
    "id": 1024,
    "title": "Movie_24",
    "release_date": "2022-09-11",
    "genres": [
      {
        "id": 0,
        "name": "Action"
      },
      {
        "id": 1,
        "name": "Sci-Fi"
      }
    ],
    "vote_average": 6.1,
    "popularity": 425.15,
    "budget": 62000000,
    "revenue": 207373723,
    "runtime": 160,
    "production_countries": [
      {
        "iso_3166_1": "JP"
      }
    ]
  },
  {
    "id": 1025,
    "title": "Movie_25",
    "release_date": "2015-11-02",
    "genres": [
      {
        "id": 0,
        "name": "Action"
      }
    ],
    "vote_average": 6.5,
    "popularity": 330.37,
    "budget": 49000000,
    "revenue": 37873219,
    "runtime": 143,
    "production_countries": [
      {
        "iso_3166_1": "JP"
      }
    ]
  },
  {
    "id": 1026,
    "title": "Movie_26",
    "release_date": "2018-03-24",
    "genres": [
      {
        "id": 0,
        "name": "Drama"
      }
    ],
    "vote_average": 5.6,
    "popularity": 214.51,
    "budget": 136000000,
    "revenue": 306612822,
    "runtime": 89,
    "production_countries": [
      {
        "iso_3166_1": "FR"
      }
    ]
  },
  {
    "id": 1027,
    "title": "Movie_27",
    "release_date": "2018-09-27",
    "genres": [
      {
        "id": 0,
        "name": "Comedy"
      }
    ],
    "vote_average": 8.0,
    "popularity": 306.44,
    "budget": 54000000,
    "revenue": 114743689,
    "runtime": 166,
    "production_countries": [
      {
        "iso_3166_1": "KR"
      }
    ]
  },
  {
    "id": 1028,
    "title": "Movie_28",
    "release_date": "2015-02-17",
    "genres": [
      {
        "id": 0,
        "name": "Sci-Fi"
      }
    ],
    "vote_average": 0.0,
    "popularity": 156.16,
    "budget": 122000000,
    "revenue": 325455768,
    "runtime": 109,
    "production_countries": [
      {
        "iso_3166_1": "FR"
      }
    ]
  },
  {
    "id": 1029,
    "title": "Movie_29",
    "release_date": "2019-12-20",
    "genres": [
      {
        "id": 0,
        "name": "Action"
      }
    ],
    "vote_average": 0.0,
    "popularity": 25.15,
    "budget": 0,
    "revenue": 0,
    "runtime": 96,
    "production_countries": [
      {
        "iso_3166_1": "JP"
      }
    ]
  },
  {
    "id": 1030,
    "title": "Movie_30",
    "release_date": "2017-01-17",
    "genres": [
      {
        "id": 0,
        "name": "Romance"
      },
      {
        "id": 1,
        "name": "Horror"
      }
    ],
    "vote_average": 7.8,
    "popularity": 165.81,
    "budget": 57000000,
    "revenue": 257821987,
    "runtime": 156,
    "production_countries": [
      {
        "iso_3166_1": "JP"
      }
    ]
  },
  {
    "id": 1031,
    "title": "Movie_31",
    "release_date": "2019-02-12",
    "genres": [
      {
        "id": 0,
        "name": "Horror"
      }
    ],
    "vote_average": 6.8,
    "popularity": 407.97,
    "budget": 49000000,
    "revenue": 125453250,
    "runtime": 112,
    "production_countries": [
      {
        "iso_3166_1": "UK"
      }
    ]
  },
  {
    "id": 1032,
    "title": "Movie_32",
    "release_date": "2020-05-23",
    "genres": [
      {
        "id": 0,
        "name": "Sci-Fi"
      },
      {
        "id": 1,
        "name": "Drama"
      }
    ],
    "vote_average": 7.4,
    "popularity": 42.36,
    "budget": 0,
    "revenue": 0,
    "runtime": 91,
    "production_countries": [
      {
        "iso_3166_1": "KR"
      }
    ]
  },
  {
    "id": 1033,
    "title": "Movie_33",
    "release_date": "2020-07-11",
    "genres": [
      {
        "id": 0,
        "name": "Comedy"
      },
      {
        "id": 1,
        "name": "Horror"
      }
    ],
    "vote_average": 5.9,
    "popularity": 212.42,
    "budget": 0,
    "revenue": 0,
    "runtime": 144,
    "production_countries": [
      {
        "iso_3166_1": "KR"
      }
    ]
  },
  {
    "id": 1034,
    "title": "Movie_34",
    "release_date": "2019-11-11",
    "genres": [
      {
        "id": 0,
        "name": "Documentary"
      },
      {
        "id": 1,
        "name": "Romance"
      }
    ],
    "vote_average": 8.9,
    "popularity": 430.34,
    "budget": 172000000,
    "revenue": 740442593,
    "runtime": 90,
    "production_countries": [
      {
        "iso_3166_1": "JP"
      }
    ]
  },
  {
    "id": 1035,
    "title": "Movie_35",
    "release_date": "2019-10-28",
    "genres": [
      {
        "id": 0,
        "name": "Action"
      }
    ],
    "vote_average": 7.9,
    "popularity": 96.35,
    "budget": 41000000,
    "revenue": 127832656,
    "runtime": 151,
    "production_countries": [
      {
        "iso_3166_1": "FR"
      }
    ]
  },
  {
    "id": 1036,
    "title": "Movie_36",
    "release_date": "2020-11-05",
    "genres": [
      {
        "id": 0,
        "name": "Romance"
      }
    ],
    "vote_average": 5.4,
    "popularity": 43.1,
    "budget": 81000000,
    "revenue": 200876518,
    "runtime": 80,
    "production_countries": [
      {
        "iso_3166_1": "JP"
      }
    ]
  },
  {
    "id": 1037,
    "title": "Movie_37",
    "release_date": "2021-09-20",
    "genres": [
      {
        "id": 0,
        "name": "Horror"
      }
    ],
    "vote_average": 6.6,
    "popularity": 358.56,
    "budget": 18000000,
    "revenue": 85543321,
    "runtime": 139,
    "production_countries": [
      {
        "iso_3166_1": "UK"
      }
    ]
  },
  {
    "id": 1038,
    "title": "Movie_38",
    "release_date": "2019-10-16",
    "genres": [
      {
        "id": 0,
        "name": "Horror"
      },
      {
        "id": 1,
        "name": "Action"
      }
    ],
    "vote_average": 6.0,
    "popularity": 472.6,
    "budget": 182000000,
    "revenue": 331460384,
    "runtime": 107,
    "production_countries": [
      {
        "iso_3166_1": "FR"
      }
    ]
  },
  {
    "id": 1039,
    "title": "Movie_39",
    "release_date": "2022-12-09",
    "genres": [
      {
        "id": 0,
        "name": "Romance"
      },
      {
        "id": 1,
        "name": "Drama"
      }
    ],
    "vote_average": 8.1,
    "popularity": 395.44,
    "budget": 15000000,
    "revenue": 24212148,
    "runtime": 129,
    "production_countries": [
      {
        "iso_3166_1": "KR"
      }
    ]
  },
  {
    "id": 1040,
    "title": "Movie_40",
    "release_date": "2015-07-07",
    "genres": [
      {
        "id": 0,
        "name": "Drama"
      }
    ],
    "vote_average": 8.3,
    "popularity": 81.1,
    "budget": 77000000,
    "revenue": 322286138,
    "runtime": 999,
    "production_countries": [
      {
        "iso_3166_1": "UK"
      }
    ]
  },
  {
    "id": 1041,
    "title": "Movie_41",
    "release_date": "2019-04-11",
    "genres": [
      {
        "id": 0,
        "name": "Drama"
      }
    ],
    "vote_average": 5.8,
    "popularity": 216.14,
    "budget": 99000000,
    "revenue": 284444253,
    "runtime": 157,
    "production_countries": [
      {
        "iso_3166_1": "JP"
      }
    ]
  },
  {
    "id": 1042,
    "title": "Movie_42",
    "release_date": "2016-06-26",
    "genres": [
      {
        "id": 0,
        "name": "Drama"
      }
    ],
    "vote_average": 6.4,
    "popularity": 457.67,
    "budget": 101000000,
    "revenue": 135172322,
    "runtime": 140,
    "production_countries": [
      {
        "iso_3166_1": "UK"
      }
    ]
  },
  {
    "id": 1043,
    "title": "Movie_43",
    "release_date": "2021-05-26",
    "genres": [
      {
        "id": 0,
        "name": "Horror"
      },
      {
        "id": 1,
        "name": "Comedy"
      }
    ],
    "vote_average": 7.9,
    "popularity": 271.46,
    "budget": 126000000,
    "revenue": 238990977,
    "runtime": 95,
    "production_countries": [
      {
        "iso_3166_1": "FR"
      }
    ]
  },
  {
    "id": 1044,
    "title": "Movie_44",
    "release_date": "2020-03-18",
    "genres": [
      {
        "id": 0,
        "name": "Sci-Fi"
      },
      {
        "id": 1,
        "name": "Horror"
      }
    ],
    "vote_average": 6.2,
    "popularity": 133.93,
    "budget": 64000000,
    "revenue": 42512559,
    "runtime": 179,
    "production_countries": [
      {
        "iso_3166_1": "JP"
      }
    ]
  },
  {
    "id": 1045,
    "title": "Movie_45",
    "release_date": "2023-02-18",
    "genres": [
      {
        "id": 0,
        "name": "Sci-Fi"
      }
    ],
    "vote_average": 6.1,
    "popularity": 56.87,
    "budget": 188000000,
    "revenue": 927889745,
    "runtime": 128,
    "production_countries": [
      {
        "iso_3166_1": "JP"
      }
    ]
  },
  {
    "id": 1046,
    "title": "Movie_46",
    "release_date": "2017-08-18",
    "genres": [
      {
        "id": 0,
        "name": "Drama"
      },
      {
        "id": 1,
        "name": "Comedy"
      }
    ],
    "vote_average": 7.9,
    "popularity": 471.56,
    "budget": 46000000,
    "revenue": 117690709,
    "runtime": 88,
    "production_countries": [
      {
        "iso_3166_1": "JP"
      }
    ]
  },
  {
    "id": 1047,
    "title": "Movie_47",
    "release_date": "2023-02-15",
    "genres": [
      {
        "id": 0,
        "name": "Romance"
      }
    ],
    "vote_average": 5.1,
    "popularity": 36.7,
    "budget": 195000000,
    "revenue": 775956011,
    "runtime": 120,
    "production_countries": [
      {
        "iso_3166_1": "FR"
      }
    ]
  },
  {
    "id": 1048,
    "title": "Movie_48",
    "release_date": "2020-02-24",
    "genres": [
      {
        "id": 0,
        "name": "Horror"
      },
      {
        "id": 1,
        "name": "Drama"
      }
    ],
    "vote_average": 8.9,
    "popularity": 184.22,
    "budget": 134000000,
    "revenue": 554308363,
    "runtime": 152,
    "production_countries": [
      {
        "iso_3166_1": "JP"
      }
    ]
  },
  {
    "id": 1049,
    "title": "Movie_49",
    "release_date": "2019-07-01",
    "genres": [
      {
        "id": 0,
        "name": "Comedy"
      }
    ],
    "vote_average": 0.0,
    "popularity": 353.45,
    "budget": 0,
    "revenue": 0,
    "runtime": 119,
    "production_countries": [
      {
        "iso_3166_1": "JP"
      }
    ]
  },
  {
    "id": 1050,
    "title": "Movie_50",
    "release_date": "2021-06-01",
    "genres": [
      {
        "id": 0,
        "name": "Documentary"
      }
    ],
    "vote_average": 9.0,
    "popularity": 396.08,
    "budget": 38000000,
    "revenue": 122895136,
    "runtime": 97,
    "production_countries": [
      {
        "iso_3166_1": "US"
      }
    ]
  },
  {
    "id": 1051,
    "title": "Movie_51",
    "release_date": "2022-07-04",
    "genres": [
      {
        "id": 0,
        "name": "Comedy"
      }
    ],
    "vote_average": 8.0,
    "popularity": 431.7,
    "budget": 97000000,
    "revenue": 347171668,
    "runtime": 120,
    "production_countries": [
      {
        "iso_3166_1": "UK"
      }
    ]
  },
  {
    "id": 1052,
    "title": "Movie_52",
    "release_date": "2016-01-08",
    "genres": [
      {
        "id": 0,
        "name": "Drama"
      },
      {
        "id": 1,
        "name": "Comedy"
      }
    ],
    "vote_average": 0.0,
    "popularity": 365.46,
    "budget": 106000000,
    "revenue": 399242102,
    "runtime": 95,
    "production_countries": [
      {
        "iso_3166_1": "UK"
      }
    ]
  },
  {
    "id": 1053,
    "title": "Movie_53",
    "release_date": "2017-02-27",
    "genres": [
      {
        "id": 0,
        "name": "Horror"
      },
      {
        "id": 1,
        "name": "Romance"
      }
    ],
    "vote_average": 6.8,
    "popularity": 377.53,
    "budget": 0,
    "revenue": 0,
    "runtime": 137,
    "production_countries": [
      {
        "iso_3166_1": "US"
      }
    ]
  },
  {
    "id": 1054,
    "title": "Movie_54",
    "release_date": "2016-11-05",
    "genres": [
      {
        "id": 0,
        "name": "Romance"
      },
      {
        "id": 1,
        "name": "Horror"
      }
    ],
    "vote_average": 8.1,
    "popularity": 499.46,
    "budget": 174000000,
    "revenue": 196182729,
    "runtime": 135,
    "production_countries": [
      {
        "iso_3166_1": "US"
      }
    ]
  },
  {
    "id": 1055,
    "title": "Movie_55",
    "release_date": "2020-10-23",
    "genres": [
      {
        "id": 0,
        "name": "Documentary"
      },
      {
        "id": 1,
        "name": "Sci-Fi"
      }
    ],
    "vote_average": 5.3,
    "popularity": 490.63,
    "budget": 53000000,
    "revenue": 42517915,
    "runtime": 95,
    "production_countries": [
      {
        "iso_3166_1": "UK"
      }
    ]
  },
  {
    "id": 1056,
    "title": "Movie_56",
    "release_date": "2022-04-06",
    "genres": [
      {
        "id": 0,
        "name": "Documentary"
      },
      {
        "id": 1,
        "name": "Romance"
      }
    ],
    "vote_average": 6.6,
    "popularity": 64.01,
    "budget": 8000000,
    "revenue": 16133787,
    "runtime": 139,
    "production_countries": [
      {
        "iso_3166_1": "US"
      }
    ]
  },
  {
    "id": 1057,
    "title": "Movie_57",
    "release_date": "2016-10-06",
    "genres": [
      {
        "id": 0,
        "name": "Action"
      },
      {
        "id": 1,
        "name": "Romance"
      }
    ],
    "vote_average": 7.1,
    "popularity": 192.66,
    "budget": 86000000,
    "revenue": 61266512,
    "runtime": 163,
    "production_countries": [
      {
        "iso_3166_1": "FR"
      }
    ]
  },
  {
    "id": 1058,
    "title": "Movie_58",
    "release_date": "2016-08-29",
    "genres": [
      {
        "id": 0,
        "name": "Horror"
      }
    ],
    "vote_average": 7.4,
    "popularity": 247.92,
    "budget": 174000000,
    "revenue": 494842499,
    "runtime": 173,
    "production_countries": [
      {
        "iso_3166_1": "KR"
      }
    ]
  },
  {
    "id": 1059,
    "title": "Movie_59",
    "release_date": "2017-06-15",
    "genres": [
      {
        "id": 0,
        "name": "Romance"
      }
    ],
    "vote_average": 6.5,
    "popularity": 426.42,
    "budget": 144000000,
    "revenue": 460344548,
    "runtime": 129,
    "production_countries": [
      {
        "iso_3166_1": "FR"
      }
    ]
  },
  {
    "id": 1060,
    "title": "Movie_60",
    "release_date": "2021-04-15",
    "genres": [
      {
        "id": 0,
        "name": "Action"
      },
      {
        "id": 1,
        "name": "Documentary"
      }
    ],
    "vote_average": 7.9,
    "popularity": 224.23,
    "budget": 122000000,
    "revenue": 515803043,
    "runtime": 999,
    "production_countries": [
      {
        "iso_3166_1": "KR"
      }
    ]
  },
  {
    "id": 1061,
    "title": "Movie_61",
    "release_date": "2021-05-01",
    "genres": [
      {
        "id": 0,
        "name": "Documentary"
      }
    ],
    "vote_average": 7.3,
    "popularity": 278.0,
    "budget": 89000000,
    "revenue": 164557008,
    "runtime": 94,
    "production_countries": [
      {
        "iso_3166_1": "UK"
      }
    ]
  },
  {
    "id": 1062,
    "title": "Movie_62",
    "release_date": "2015-12-03",
    "genres": [
      {
        "id": 0,
        "name": "Drama"
      },
      {
        "id": 1,
        "name": "Romance"
      }
    ],
    "vote_average": 7.6,
    "popularity": 469.47,
    "budget": 144000000,
    "revenue": 149306378,
    "runtime": 118,
    "production_countries": [
      {
        "iso_3166_1": "US"
      }
    ]
  },
  {
    "id": 1063,
    "title": "Movie_63",
    "release_date": "2021-11-18",
    "genres": [
      {
        "id": 0,
        "name": "Romance"
      },
      {
        "id": 1,
        "name": "Comedy"
      }
    ],
    "vote_average": 5.9,
    "popularity": 441.58,
    "budget": 199000000,
    "revenue": 745565108,
    "runtime": 139,
    "production_countries": [
      {
        "iso_3166_1": "KR"
      }
    ]
  },
  {
    "id": 1064,
    "title": "Movie_64",
    "release_date": "2019-05-21",
    "genres": [
      {
        "id": 0,
        "name": "Comedy"
      }
    ],
    "vote_average": 6.5,
    "popularity": 401.31,
    "budget": 22000000,
    "revenue": 41531680,
    "runtime": 154,
    "production_countries": [
      {
        "iso_3166_1": "JP"
      }
    ]
  },
  {
    "id": 1065,
    "title": "Movie_65",
    "release_date": "2015-10-22",
    "genres": [
      {
        "id": 0,
        "name": "Drama"
      },
      {
        "id": 1,
        "name": "Romance"
      }
    ],
    "vote_average": 8.5,
    "popularity": 249.45,
    "budget": 0,
    "revenue": 0,
    "runtime": 146,
    "production_countries": [
      {
        "iso_3166_1": "JP"
      }
    ]
  },
  {
    "id": 1066,
    "title": "Movie_66",
    "release_date": "2017-02-27",
    "genres": [
      {
        "id": 0,
        "name": "Documentary"
      }
    ],
    "vote_average": 6.3,
    "popularity": 139.59,
    "budget": 51000000,
    "revenue": 246797668,
    "runtime": 110,
    "production_countries": [
      {
        "iso_3166_1": "US"
      }
    ]
  },
  {
    "id": 1067,
    "title": "Movie_67",
    "release_date": "2020-04-29",
    "genres": [
      {
        "id": 0,
        "name": "Comedy"
      },
      {
        "id": 1,
        "name": "Sci-Fi"
      }
    ],
    "vote_average": 6.3,
    "popularity": 133.85,
    "budget": 63000000,
    "revenue": 88008278,
    "runtime": 156,
    "production_countries": [
      {
        "iso_3166_1": "UK"
      }
    ]
  },
  {
    "id": 1068,
    "title": "Movie_68",
    "release_date": "2020-04-05",
    "genres": [
      {
        "id": 0,
        "name": "Action"
      },
      {
        "id": 1,
        "name": "Drama"
      }
    ],
    "vote_average": 6.5,
    "popularity": 66.82,
    "budget": 0,
    "revenue": 0,
    "runtime": 165,
    "production_countries": [
      {
        "iso_3166_1": "FR"
      }
    ]
  },
  {
    "id": 1069,
    "title": "Movie_69",
    "release_date": "2021-11-14",
    "genres": [
      {
        "id": 0,
        "name": "Horror"
      }
    ],
    "vote_average": 6.2,
    "popularity": 280.94,
    "budget": 117000000,
    "revenue": 460149701,
    "runtime": 106,
    "production_countries": [
      {
        "iso_3166_1": "FR"
      }
    ]
  },
  {
    "id": 1070,
    "title": "Movie_70",
    "release_date": "2021-08-09",
    "genres": [
      {
        "id": 0,
        "name": "Comedy"
      }
    ],
    "vote_average": 6.1,
    "popularity": 126.74,
    "budget": 125000000,
    "revenue": 85629120,
    "runtime": 88,
    "production_countries": [
      {
        "iso_3166_1": "KR"
      }
    ]
  },
  {
    "id": 1071,
    "title": "Movie_71",
    "release_date": "2020-07-28",
    "genres": [
      {
        "id": 0,
        "name": "Drama"
      },
      {
        "id": 1,
        "name": "Sci-Fi"
      }
    ],
    "vote_average": 8.7,
    "popularity": 250.92,
    "budget": 0,
    "revenue": 0,
    "runtime": 179,
    "production_countries": [
      {
        "iso_3166_1": "UK"
      }
    ]
  },
  {
    "id": 1072,
    "title": "Movie_72",
    "release_date": "2016-07-24",
    "genres": [
      {
        "id": 0,
        "name": "Romance"
      }
    ],
    "vote_average": 0.0,
    "popularity": 445.3,
    "budget": 178000000,
    "revenue": 542405627,
    "runtime": 125,
    "production_countries": [
      {
        "iso_3166_1": "UK"
      }
    ]
  },
  {
    "id": 1073,
    "title": "Movie_73",
    "release_date": "2021-03-09",
    "genres": [
      {
        "id": 0,
        "name": "Sci-Fi"
      },
      {
        "id": 1,
        "name": "Romance"
      }
    ],
    "vote_average": 5.4,
    "popularity": 391.52,
    "budget": 73000000,
    "revenue": 109604531,
    "runtime": 121,
    "production_countries": [
      {
        "iso_3166_1": "JP"
      }
    ]
  },
  {
    "id": 1074,
    "title": "Movie_74",
    "release_date": "2018-01-19",
    "genres": [
      {
        "id": 0,
        "name": "Horror"
      },
      {
        "id": 1,
        "name": "Romance"
      }
    ],
    "vote_average": 8.3,
    "popularity": 209.4,
    "budget": 48000000,
    "revenue": 150451002,
    "runtime": 95,
    "production_countries": [
      {
        "iso_3166_1": "US"
      }
    ]
  },
  {
    "id": 1075,
    "title": "Movie_75",
    "release_date": "2017-10-27",
    "genres": [
      {
        "id": 0,
        "name": "Documentary"
      },
      {
        "id": 1,
        "name": "Comedy"
      }
    ],
    "vote_average": 8.1,
    "popularity": 100.82,
    "budget": 0,
    "revenue": 0,
    "runtime": 153,
    "production_countries": [
      {
        "iso_3166_1": "US"
      }
    ]
  },
  {
    "id": 1076,
    "title": "Movie_76",
    "release_date": "2017-12-30",
    "genres": [
      {
        "id": 0,
        "name": "Drama"
      },
      {
        "id": 1,
        "name": "Sci-Fi"
      }
    ],
    "vote_average": 5.1,
    "popularity": 256.91,
    "budget": 107000000,
    "revenue": 263708303,
    "runtime": 165,
    "production_countries": [
      {
        "iso_3166_1": "FR"
      }
    ]
  },
  {
    "id": 1077,
    "title": "Movie_77",
    "release_date": "2019-08-10",
    "genres": [
      {
        "id": 0,
        "name": "Action"
      }
    ],
    "vote_average": 8.9,
    "popularity": 359.33,
    "budget": 102000000,
    "revenue": 227519518,
    "runtime": 138,
    "production_countries": [
      {
        "iso_3166_1": "JP"
      }
    ]
  },
  {
    "id": 1078,
    "title": "Movie_78",
    "release_date": "2021-02-03",
    "genres": [
      {
        "id": 0,
        "name": "Documentary"
      },
      {
        "id": 1,
        "name": "Action"
      }
    ],
    "vote_average": 5.9,
    "popularity": 110.2,
    "budget": 149000000,
    "revenue": 560453363,
    "runtime": 162,
    "production_countries": [
      {
        "iso_3166_1": "UK"
      }
    ]
  },
  {
    "id": 1079,
    "title": "Movie_79",
    "release_date": "2022-06-03",
    "genres": [
      {
        "id": 0,
        "name": "Documentary"
      }
    ],
    "vote_average": 8.8,
    "popularity": 19.99,
    "budget": 0,
    "revenue": 0,
    "runtime": 140,
    "production_countries": [
      {
        "iso_3166_1": "UK"
      }
    ]
  },
  {
    "id": 1080,
    "title": "Movie_80",
    "release_date": "2017-08-11",
    "genres": [
      {
        "id": 0,
        "name": "Drama"
      },
      {
        "id": 1,
        "name": "Romance"
      }
    ],
    "vote_average": 8.2,
    "popularity": 337.21,
    "budget": 137000000,
    "revenue": 504888419,
    "runtime": 999,
    "production_countries": [
      {
        "iso_3166_1": "US"
      }
    ]
  },
  {
    "id": 1081,
    "title": "Movie_81",
    "release_date": "2019-06-30",
    "genres": [
      {
        "id": 0,
        "name": "Sci-Fi"
      },
      {
        "id": 1,
        "name": "Drama"
      }
    ],
    "vote_average": 7.0,
    "popularity": 35.7,
    "budget": 147000000,
    "revenue": 98882104,
    "runtime": 100,
    "production_countries": [
      {
        "iso_3166_1": "JP"
      }
    ]
  },
  {
    "id": 1082,
    "title": "Movie_82",
    "release_date": "2017-07-31",
    "genres": [
      {
        "id": 0,
        "name": "Sci-Fi"
      }
    ],
    "vote_average": 5.4,
    "popularity": 195.39,
    "budget": 0,
    "revenue": 0,
    "runtime": 170,
    "production_countries": [
      {
        "iso_3166_1": "FR"
      }
    ]
  },
  {
    "id": 1083,
    "title": "Movie_83",
    "release_date": "2023-01-26",
    "genres": [
      {
        "id": 0,
        "name": "Documentary"
      },
      {
        "id": 1,
        "name": "Horror"
      }
    ],
    "vote_average": 5.8,
    "popularity": 187.47,
    "budget": 61000000,
    "revenue": 114362018,
    "runtime": 160,
    "production_countries": [
      {
        "iso_3166_1": "US"
      }
    ]
  },
  {
    "id": 1084,
    "title": "Movie_84",
    "release_date": "2019-01-23",
    "genres": [
      {
        "id": 0,
        "name": "Documentary"
      },
      {
        "id": 1,
        "name": "Romance"
      }
    ],
    "vote_average": 6.4,
    "popularity": 220.93,
    "budget": 60000000,
    "revenue": 198964068,
    "runtime": 169,
    "production_countries": [
      {
        "iso_3166_1": "KR"
      }
    ]
  },
  {
    "id": 1085,
    "title": "Movie_85",
    "release_date": "2022-10-03",
    "genres": [
      {
        "id": 0,
        "name": "Action"
      }
    ],
    "vote_average": 8.6,
    "popularity": 275.65,
    "budget": 138000000,
    "revenue": 410179435,
    "runtime": 86,
    "production_countries": [
      {
        "iso_3166_1": "UK"
      }
    ]
  },
  {
    "id": 1086,
    "title": "Movie_86",
    "release_date": "2015-09-12",
    "genres": [
      {
        "id": 0,
        "name": "Romance"
      },
      {
        "id": 1,
        "name": "Comedy"
      }
    ],
    "vote_average": 5.4,
    "popularity": 428.71,
    "budget": 148000000,
    "revenue": 540494719,
    "runtime": 143,
    "production_countries": [
      {
        "iso_3166_1": "UK"
      }
    ]
  },
  {
    "id": 1087,
    "title": "Movie_87",
    "release_date": "2022-12-08",
    "genres": [
      {
        "id": 0,
        "name": "Horror"
      }
    ],
    "vote_average": 5.7,
    "popularity": 487.1,
    "budget": 0,
    "revenue": 0,
    "runtime": 105,
    "production_countries": [
      {
        "iso_3166_1": "KR"
      }
    ]
  },
  {
    "id": 1088,
    "title": "Movie_88",
    "release_date": "2017-02-04",
    "genres": [
      {
        "id": 0,
        "name": "Comedy"
      },
      {
        "id": 1,
        "name": "Drama"
      }
    ],
    "vote_average": 0.0,
    "popularity": 472.53,
    "budget": 174000000,
    "revenue": 760217155,
    "runtime": 128,
    "production_countries": [
      {
        "iso_3166_1": "JP"
      }
    ]
  },
  {
    "id": 1089,
    "title": "Movie_89",
    "release_date": "2019-10-09",
    "genres": [
      {
        "id": 0,
        "name": "Documentary"
      },
      {
        "id": 1,
        "name": "Romance"
      }
    ],
    "vote_average": 7.0,
    "popularity": 352.51,
    "budget": 79000000,
    "revenue": 116705061,
    "runtime": 148,
    "production_countries": [
      {
        "iso_3166_1": "KR"
      }
    ]
  },
  {
    "id": 1090,
    "title": "Movie_90",
    "release_date": "2022-08-16",
    "genres": [
      {
        "id": 0,
        "name": "Comedy"
      },
      {
        "id": 1,
        "name": "Romance"
      }
    ],
    "vote_average": 0.0,
    "popularity": 210.41,
    "budget": 17000000,
    "revenue": 10390911,
    "runtime": 122,
    "production_countries": [
      {
        "iso_3166_1": "UK"
      }
    ]
  },
  {
    "id": 1091,
    "title": "Movie_91",
    "release_date": "2018-09-19",
    "genres": [
      {
        "id": 0,
        "name": "Action"
      }
    ],
    "vote_average": 8.4,
    "popularity": 418.27,
    "budget": 161000000,
    "revenue": 317652193,
    "runtime": 178,
    "production_countries": [
      {
        "iso_3166_1": "US"
      }
    ]
  },
  {
    "id": 1092,
    "title": "Movie_92",
    "release_date": "2019-08-29",
    "genres": [
      {
        "id": 0,
        "name": "Action"
      }
    ],
    "vote_average": 8.0,
    "popularity": 18.46,
    "budget": 66000000,
    "revenue": 162829787,
    "runtime": 109,
    "production_countries": [
      {
        "iso_3166_1": "FR"
      }
    ]
  },
  {
    "id": 1093,
    "title": "Movie_93",
    "release_date": "2019-08-27",
    "genres": [
      {
        "id": 0,
        "name": "Comedy"
      }
    ],
    "vote_average": 5.4,
    "popularity": 17.54,
    "budget": 129000000,
    "revenue": 496386423,
    "runtime": 112,
    "production_countries": [
      {
        "iso_3166_1": "KR"
      }
    ]
  },
  {
    "id": 1094,
    "title": "Movie_94",
    "release_date": "2017-12-13",
    "genres": [
      {
        "id": 0,
        "name": "Horror"
      }
    ],
    "vote_average": 7.7,
    "popularity": 115.38,
    "budget": 0,
    "revenue": 0,
    "runtime": 115,
    "production_countries": [
      {
        "iso_3166_1": "UK"
      }
    ]
  },
  {
    "id": 1095,
    "title": "Movie_95",
    "release_date": "2019-04-20",
    "genres": [
      {
        "id": 0,
        "name": "Drama"
      },
      {
        "id": 1,
        "name": "Documentary"
      }
    ],
    "vote_average": 6.0,
    "popularity": 238.92,
    "budget": 157000000,
    "revenue": 385782202,
    "runtime": 161,
    "production_countries": [
      {
        "iso_3166_1": "UK"
      }
    ]
  },
  {
    "id": 1096,
    "title": "Movie_96",
    "release_date": "2015-03-19",
    "genres": [
      {
        "id": 0,
        "name": "Action"
      },
      {
        "id": 1,
        "name": "Horror"
      }
    ],
    "vote_average": 0.0,
    "popularity": 243.26,
    "budget": 102000000,
    "revenue": 241411041,
    "runtime": 96,
    "production_countries": [
      {
        "iso_3166_1": "UK"
      }
    ]
  },
  {
    "id": 1097,
    "title": "Movie_97",
    "release_date": "2018-05-22",
    "genres": [
      {
        "id": 0,
        "name": "Documentary"
      }
    ],
    "vote_average": 5.4,
    "popularity": 408.87,
    "budget": 147000000,
    "revenue": 355666320,
    "runtime": 152,
    "production_countries": [
      {
        "iso_3166_1": "US"
      }
    ]
  },
  {
    "id": 1098,
    "title": "Movie_98",
    "release_date": "2018-10-16",
    "genres": [
      {
        "id": 0,
        "name": "Sci-Fi"
      }
    ],
    "vote_average": 5.0,
    "popularity": 266.97,
    "budget": 140000000,
    "revenue": 165887849,
    "runtime": 157,
    "production_countries": [
      {
        "iso_3166_1": "KR"
      }
    ]
  },
  {
    "id": 1099,
    "title": "Movie_99",
    "release_date": "2018-12-08",
    "genres": [
      {
        "id": 0,
        "name": "Romance"
      }
    ],
    "vote_average": 0.0,
    "popularity": 103.26,
    "budget": 114000000,
    "revenue": 370589978,
    "runtime": 136,
    "production_countries": [
      {
        "iso_3166_1": "KR"
      }
    ]
  },
  {
    "id": 1100,
    "title": "Movie_100",
    "release_date": "2020-12-01",
    "genres": [
      {
        "id": 0,
        "name": "Horror"
      },
      {
        "id": 1,
        "name": "Romance"
      }
    ],
    "vote_average": 7.9,
    "popularity": 75.75,
    "budget": 140000000,
    "revenue": 341010559,
    "runtime": 999,
    "production_countries": [
      {
        "iso_3166_1": "UK"
      }
    ]
  },
  {
    "id": 1101,
    "title": "Movie_101",
    "release_date": "2016-05-21",
    "genres": [
      {
        "id": 0,
        "name": "Drama"
      }
    ],
    "vote_average": 6.5,
    "popularity": 276.89,
    "budget": 178000000,
    "revenue": 732161482,
    "runtime": 128,
    "production_countries": [
      {
        "iso_3166_1": "FR"
      }
    ]
  },
  {
    "id": 1102,
    "title": "Movie_102",
    "release_date": "2017-12-02",
    "genres": [
      {
        "id": 0,
        "name": "Action"
      }
    ],
    "vote_average": 7.7,
    "popularity": 109.19,
    "budget": 70000000,
    "revenue": 230925912,
    "runtime": 83,
    "production_countries": [
      {
        "iso_3166_1": "FR"
      }
    ]
  },
  {
    "id": 1103,
    "title": "Movie_103",
    "release_date": "2016-11-29",
    "genres": [
      {
        "id": 0,
        "name": "Drama"
      }
    ],
    "vote_average": 7.8,
    "popularity": 41.66,
    "budget": 29000000,
    "revenue": 71332823,
    "runtime": 161,
    "production_countries": [
      {
        "iso_3166_1": "US"
      }
    ]
  },
  {
    "id": 1104,
    "title": "Movie_104",
    "release_date": "2017-12-05",
    "genres": [
      {
        "id": 0,
        "name": "Romance"
      }
    ],
    "vote_average": 5.8,
    "popularity": 222.45,
    "budget": 0,
    "revenue": 0,
    "runtime": 84,
    "production_countries": [
      {
        "iso_3166_1": "KR"
      }
    ]
  },
  {
    "id": 1105,
    "title": "Movie_105",
    "release_date": "2021-07-28",
    "genres": [
      {
        "id": 0,
        "name": "Romance"
      }
    ],
    "vote_average": 5.3,
    "popularity": 345.95,
    "budget": 143000000,
    "revenue": 399588147,
    "runtime": 88,
    "production_countries": [
      {
        "iso_3166_1": "UK"
      }
    ]
  },
  {
    "id": 1106,
    "title": "Movie_106",
    "release_date": "2018-05-28",
    "genres": [
      {
        "id": 0,
        "name": "Documentary"
      }
    ],
    "vote_average": 7.2,
    "popularity": 271.33,
    "budget": 115000000,
    "revenue": 180869728,
    "runtime": 122,
    "production_countries": [
      {
        "iso_3166_1": "KR"
      }
    ]
  },
  {
    "id": 1107,
    "title": "Movie_107",
    "release_date": "2020-08-18",
    "genres": [
      {
        "id": 0,
        "name": "Comedy"
      },
      {
        "id": 1,
        "name": "Drama"
      }
    ],
    "vote_average": 6.0,
    "popularity": 222.02,
    "budget": 174000000,
    "revenue": 331233705,
    "runtime": 178,
    "production_countries": [
      {
        "iso_3166_1": "KR"
      }
    ]
  },
  {
    "id": 1108,
    "title": "Movie_108",
    "release_date": "2020-06-08",
    "genres": [
      {
        "id": 0,
        "name": "Comedy"
      },
      {
        "id": 1,
        "name": "Horror"
      }
    ],
    "vote_average": 5.6,
    "popularity": 306.23,
    "budget": 37000000,
    "revenue": 126095060,
    "runtime": 127,
    "production_countries": [
      {
        "iso_3166_1": "US"
      }
    ]
  },
  {
    "id": 1109,
    "title": "Movie_109",
    "release_date": "2018-08-07",
    "genres": [
      {
        "id": 0,
        "name": "Horror"
      }
    ],
    "vote_average": 6.9,
    "popularity": 61.93,
    "budget": 163000000,
    "revenue": 193836203,
    "runtime": 122,
    "production_countries": [
      {
        "iso_3166_1": "US"
      }
    ]
  },
  {
    "id": 1110,
    "title": "Movie_110",
    "release_date": "2020-02-14",
    "genres": [
      {
        "id": 0,
        "name": "Action"
      }
    ],
    "vote_average": 7.8,
    "popularity": 281.32,
    "budget": 103000000,
    "revenue": 424916115,
    "runtime": 91,
    "production_countries": [
      {
        "iso_3166_1": "JP"
      }
    ]
  },
  {
    "id": 1111,
    "title": "Movie_111",
    "release_date": "2018-08-06",
    "genres": [
      {
        "id": 0,
        "name": "Documentary"
      },
      {
        "id": 1,
        "name": "Action"
      }
    ],
    "vote_average": 7.1,
    "popularity": 456.75,
    "budget": 0,
    "revenue": 0,
    "runtime": 166,
    "production_countries": [
      {
        "iso_3166_1": "UK"
      }
    ]
  },
  {
    "id": 1112,
    "title": "Movie_112",
    "release_date": "2017-05-23",
    "genres": [
      {
        "id": 0,
        "name": "Action"
      },
      {
        "id": 1,
        "name": "Drama"
      }
    ],
    "vote_average": 5.2,
    "popularity": 456.95,
    "budget": 149000000,
    "revenue": 143258986,
    "runtime": 91,
    "production_countries": [
      {
        "iso_3166_1": "UK"
      }
    ]
  },
  {
    "id": 1113,
    "title": "Movie_113",
    "release_date": "2016-07-04",
    "genres": [
      {
        "id": 0,
        "name": "Comedy"
      }
    ],
    "vote_average": 5.1,
    "popularity": 243.1,
    "budget": 0,
    "revenue": 0,
    "runtime": 102,
    "production_countries": [
      {
        "iso_3166_1": "KR"
      }
    ]
  },
  {
    "id": 1114,
    "title": "Movie_114",
    "release_date": "2022-06-09",
    "genres": [
      {
        "id": 0,
        "name": "Sci-Fi"
      },
      {
        "id": 1,
        "name": "Romance"
      }
    ],
    "vote_average": 5.4,
    "popularity": 322.74,
    "budget": 0,
    "revenue": 0,
    "runtime": 85,
    "production_countries": [
      {
        "iso_3166_1": "UK"
      }
    ]
  },
  {
    "id": 1115,
    "title": "Movie_115",
    "release_date": "2018-03-24",
    "genres": [
      {
        "id": 0,
        "name": "Documentary"
      }
    ],
    "vote_average": 7.3,
    "popularity": 137.15,
    "budget": 122000000,
    "revenue": 330695330,
    "runtime": 168,
    "production_countries": [
      {
        "iso_3166_1": "KR"
      }
    ]
  },
  {
    "id": 1116,
    "title": "Movie_116",
    "release_date": "2020-01-27",
    "genres": [
      {
        "id": 0,
        "name": "Action"
      }
    ],
    "vote_average": 5.5,
    "popularity": 174.45,
    "budget": 34000000,
    "revenue": 64757608,
    "runtime": 117,
    "production_countries": [
      {
        "iso_3166_1": "KR"
      }
    ]
  },
  {
    "id": 1117,
    "title": "Movie_117",
    "release_date": "2017-08-30",
    "genres": [
      {
        "id": 0,
        "name": "Comedy"
      }
    ],
    "vote_average": 8.7,
    "popularity": 292.54,
    "budget": 76000000,
    "revenue": 254210770,
    "runtime": 142,
    "production_countries": [
      {
        "iso_3166_1": "UK"
      }
    ]
  },
  {
    "id": 1118,
    "title": "Movie_118",
    "release_date": "2021-01-26",
    "genres": [
      {
        "id": 0,
        "name": "Sci-Fi"
      }
    ],
    "vote_average": 6.9,
    "popularity": 266.47,
    "budget": 119000000,
    "revenue": 517944835,
    "runtime": 130,
    "production_countries": [
      {
        "iso_3166_1": "FR"
      }
    ]
  },
  {
    "id": 1119,
    "title": "Movie_119",
    "release_date": "2015-04-27",
    "genres": [
      {
        "id": 0,
        "name": "Sci-Fi"
      }
    ],
    "vote_average": 5.4,
    "popularity": 485.14,
    "budget": 159000000,
    "revenue": 537954769,
    "runtime": 139,
    "production_countries": [
      {
        "iso_3166_1": "US"
      }
    ]
  },
  {
    "id": 1120,
    "title": "Movie_120",
    "release_date": "2019-03-06",
    "genres": [
      {
        "id": 0,
        "name": "Documentary"
      }
    ],
    "vote_average": 8.8,
    "popularity": 315.7,
    "budget": 68000000,
    "revenue": 322405419,
    "runtime": 999,
    "production_countries": [
      {
        "iso_3166_1": "UK"
      }
    ]
  },
  {
    "id": 1121,
    "title": "Movie_121",
    "release_date": "2021-08-31",
    "genres": [
      {
        "id": 0,
        "name": "Romance"
      },
      {
        "id": 1,
        "name": "Sci-Fi"
      }
    ],
    "vote_average": 6.7,
    "popularity": 248.63,
    "budget": 16000000,
    "revenue": 8045414,
    "runtime": 151,
    "production_countries": [
      {
        "iso_3166_1": "UK"
      }
    ]
  },
  {
    "id": 1122,
    "title": "Movie_122",
    "release_date": "2020-04-27",
    "genres": [
      {
        "id": 0,
        "name": "Comedy"
      }
    ],
    "vote_average": 7.6,
    "popularity": 74.47,
    "budget": 187000000,
    "revenue": 527024238,
    "runtime": 143,
    "production_countries": [
      {
        "iso_3166_1": "US"
      }
    ]
  },
  {
    "id": 1123,
    "title": "Movie_123",
    "release_date": "2017-08-06",
    "genres": [
      {
        "id": 0,
        "name": "Romance"
      },
      {
        "id": 1,
        "name": "Documentary"
      }
    ],
    "vote_average": 7.5,
    "popularity": 494.28,
    "budget": 87000000,
    "revenue": 256960941,
    "runtime": 90,
    "production_countries": [
      {
        "iso_3166_1": "JP"
      }
    ]
  },
  {
    "id": 1124,
    "title": "Movie_124",
    "release_date": "2016-11-10",
    "genres": [
      {
        "id": 0,
        "name": "Romance"
      }
    ],
    "vote_average": 8.1,
    "popularity": 408.76,
    "budget": 6000000,
    "revenue": 4617832,
    "runtime": 95,
    "production_countries": [
      {
        "iso_3166_1": "UK"
      }
    ]
  },
  {
    "id": 1125,
    "title": "Movie_125",
    "release_date": "2015-06-02",
    "genres": [
      {
        "id": 0,
        "name": "Horror"
      }
    ],
    "vote_average": 8.2,
    "popularity": 154.77,
    "budget": 11000000,
    "revenue": 51429646,
    "runtime": 101,
    "production_countries": [
      {
        "iso_3166_1": "KR"
      }
    ]
  },
  {
    "id": 1126,
    "title": "Movie_126",
    "release_date": "2021-02-06",
    "genres": [
      {
        "id": 0,
        "name": "Romance"
      }
    ],
    "vote_average": 8.7,
    "popularity": 191.0,
    "budget": 70000000,
    "revenue": 207937548,
    "runtime": 80,
    "production_countries": [
      {
        "iso_3166_1": "US"
      }
    ]
  },
  {
    "id": 1127,
    "title": "Movie_127",
    "release_date": "2019-01-15",
    "genres": [
      {
        "id": 0,
        "name": "Drama"
      }
    ],
    "vote_average": 6.8,
    "popularity": 151.54,
    "budget": 38000000,
    "revenue": 84924635,
    "runtime": 159,
    "production_countries": [
      {
        "iso_3166_1": "UK"
      }
    ]
  },
  {
    "id": 1128,
    "title": "Movie_128",
    "release_date": "2019-05-11",
    "genres": [
      {
        "id": 0,
        "name": "Romance"
      }
    ],
    "vote_average": 5.7,
    "popularity": 273.27,
    "budget": 7000000,
    "revenue": 18384694,
    "runtime": 136,
    "production_countries": [
      {
        "iso_3166_1": "FR"
      }
    ]
  },
  {
    "id": 1129,
    "title": "Movie_129",
    "release_date": "2019-10-21",
    "genres": [
      {
        "id": 0,
        "name": "Comedy"
      },
      {
        "id": 1,
        "name": "Documentary"
      }
    ],
    "vote_average": 7.2,
    "popularity": 397.25,
    "budget": 115000000,
    "revenue": 90699341,
    "runtime": 180,
    "production_countries": [
      {
        "iso_3166_1": "FR"
      }
    ]
  },
  {
    "id": 1130,
    "title": "Movie_130",
    "release_date": "2015-07-31",
    "genres": [
      {
        "id": 0,
        "name": "Drama"
      }
    ],
    "vote_average": 7.5,
    "popularity": 216.92,
    "budget": 50000000,
    "revenue": 81147353,
    "runtime": 142,
    "production_countries": [
      {
        "iso_3166_1": "US"
      }
    ]
  },
  {
    "id": 1131,
    "title": "Movie_131",
    "release_date": "2022-04-07",
    "genres": [
      {
        "id": 0,
        "name": "Romance"
      }
    ],
    "vote_average": 8.6,
    "popularity": 66.42,
    "budget": 184000000,
    "revenue": 706966654,
    "runtime": 138,
    "production_countries": [
      {
        "iso_3166_1": "US"
      }
    ]
  },
  {
    "id": 1132,
    "title": "Movie_132",
    "release_date": "2019-10-09",
    "genres": [
      {
        "id": 0,
        "name": "Sci-Fi"
      }
    ],
    "vote_average": 5.4,
    "popularity": 157.46,
    "budget": 141000000,
    "revenue": 566733466,
    "runtime": 86,
    "production_countries": [
      {
        "iso_3166_1": "KR"
      }
    ]
  },
  {
    "id": 1133,
    "title": "Movie_133",
    "release_date": "2018-04-17",
    "genres": [
      {
        "id": 0,
        "name": "Drama"
      }
    ],
    "vote_average": 6.4,
    "popularity": 432.19,
    "budget": 0,
    "revenue": 0,
    "runtime": 80,
    "production_countries": [
      {
        "iso_3166_1": "KR"
      }
    ]
  },
  {
    "id": 1134,
    "title": "Movie_134",
    "release_date": "2020-11-12",
    "genres": [
      {
        "id": 0,
        "name": "Romance"
      }
    ],
    "vote_average": 0.0,
    "popularity": 71.15,
    "budget": 162000000,
    "revenue": 316448849,
    "runtime": 107,
    "production_countries": [
      {
        "iso_3166_1": "JP"
      }
    ]
  },
  {
    "id": 1135,
    "title": "Movie_135",
    "release_date": "2021-10-05",
    "genres": [
      {
        "id": 0,
        "name": "Horror"
      },
      {
        "id": 1,
        "name": "Comedy"
      }
    ],
    "vote_average": 8.8,
    "popularity": 378.25,
    "budget": 162000000,
    "revenue": 161122415,
    "runtime": 135,
    "production_countries": [
      {
        "iso_3166_1": "FR"
      }
    ]
  },
  {
    "id": 1136,
    "title": "Movie_136",
    "release_date": "2022-12-18",
    "genres": [
      {
        "id": 0,
        "name": "Drama"
      }
    ],
    "vote_average": 6.5,
    "popularity": 436.17,
    "budget": 118000000,
    "revenue": 489765433,
    "runtime": 135,
    "production_countries": [
      {
        "iso_3166_1": "JP"
      }
    ]
  },
  {
    "id": 1137,
    "title": "Movie_137",
    "release_date": "2016-01-14",
    "genres": [
      {
        "id": 0,
        "name": "Horror"
      },
      {
        "id": 1,
        "name": "Drama"
      }
    ],
    "vote_average": 8.6,
    "popularity": 152.68,
    "budget": 43000000,
    "revenue": 104433605,
    "runtime": 156,
    "production_countries": [
      {
        "iso_3166_1": "KR"
      }
    ]
  },
  {
    "id": 1138,
    "title": "Movie_138",
    "release_date": "2015-03-15",
    "genres": [
      {
        "id": 0,
        "name": "Action"
      }
    ],
    "vote_average": 7.8,
    "popularity": 158.38,
    "budget": 141000000,
    "revenue": 571378791,
    "runtime": 140,
    "production_countries": [
      {
        "iso_3166_1": "UK"
      }
    ]
  },
  {
    "id": 1139,
    "title": "Movie_139",
    "release_date": "2016-12-04",
    "genres": [
      {
        "id": 0,
        "name": "Sci-Fi"
      }
    ],
    "vote_average": 5.2,
    "popularity": 331.85,
    "budget": 29000000,
    "revenue": 54113994,
    "runtime": 133,
    "production_countries": [
      {
        "iso_3166_1": "JP"
      }
    ]
  },
  {
    "id": 1140,
    "title": "Movie_140",
    "release_date": "2021-01-07",
    "genres": [
      {
        "id": 0,
        "name": "Sci-Fi"
      }
    ],
    "vote_average": 6.6,
    "popularity": 35.12,
    "budget": 175000000,
    "revenue": 190674204,
    "runtime": 999,
    "production_countries": [
      {
        "iso_3166_1": "JP"
      }
    ]
  },
  {
    "id": 1141,
    "title": "Movie_141",
    "release_date": "2021-01-06",
    "genres": [
      {
        "id": 0,
        "name": "Action"
      },
      {
        "id": 1,
        "name": "Romance"
      }
    ],
    "vote_average": 6.3,
    "popularity": 346.4,
    "budget": 30000000,
    "revenue": 134473551,
    "runtime": 131,
    "production_countries": [
      {
        "iso_3166_1": "UK"
      }
    ]
  },
  {
    "id": 1142,
    "title": "Movie_142",
    "release_date": "2022-11-30",
    "genres": [
      {
        "id": 0,
        "name": "Drama"
      },
      {
        "id": 1,
        "name": "Documentary"
      }
    ],
    "vote_average": 5.1,
    "popularity": 80.42,
    "budget": 13000000,
    "revenue": 46836066,
    "runtime": 141,
    "production_countries": [
      {
        "iso_3166_1": "US"
      }
    ]
  },
  {
    "id": 1143,
    "title": "Movie_143",
    "release_date": "2015-04-10",
    "genres": [
      {
        "id": 0,
        "name": "Action"
      }
    ],
    "vote_average": 5.6,
    "popularity": 444.97,
    "budget": 0,
    "revenue": 0,
    "runtime": 166,
    "production_countries": [
      {
        "iso_3166_1": "UK"
      }
    ]
  },
  {
    "id": 1144,
    "title": "Movie_144",
    "release_date": "2020-01-04",
    "genres": [
      {
        "id": 0,
        "name": "Sci-Fi"
      },
      {
        "id": 1,
        "name": "Horror"
      }
    ],
    "vote_average": 7.4,
    "popularity": 419.42,
    "budget": 24000000,
    "revenue": 61623245,
    "runtime": 125,
    "production_countries": [
      {
        "iso_3166_1": "US"
      }
    ]
  },
  {
    "id": 1145,
    "title": "Movie_145",
    "release_date": "2019-10-16",
    "genres": [
      {
        "id": 0,
        "name": "Horror"
      },
      {
        "id": 1,
        "name": "Comedy"
      }
    ],
    "vote_average": 6.9,
    "popularity": 41.15,
    "budget": 177000000,
    "revenue": 328447250,
    "runtime": 126,
    "production_countries": [
      {
        "iso_3166_1": "FR"
      }
    ]
  },
  {
    "id": 1146,
    "title": "Movie_146",
    "release_date": "2017-12-05",
    "genres": [
      {
        "id": 0,
        "name": "Horror"
      }
    ],
    "vote_average": 7.9,
    "popularity": 181.3,
    "budget": 116000000,
    "revenue": 77641055,
    "runtime": 140,
    "production_countries": [
      {
        "iso_3166_1": "KR"
      }
    ]
  },
  {
    "id": 1147,
    "title": "Movie_147",
    "release_date": "2020-07-27",
    "genres": [
      {
        "id": 0,
        "name": "Comedy"
      }
    ],
    "vote_average": 5.9,
    "popularity": 20.22,
    "budget": 101000000,
    "revenue": 56400232,
    "runtime": 178,
    "production_countries": [
      {
        "iso_3166_1": "JP"
      }
    ]
  },
  {
    "id": 1148,
    "title": "Movie_148",
    "release_date": "2015-01-14",
    "genres": [
      {
        "id": 0,
        "name": "Horror"
      }
    ],
    "vote_average": 5.2,
    "popularity": 466.27,
    "budget": 142000000,
    "revenue": 384582485,
    "runtime": 89,
    "production_countries": [
      {
        "iso_3166_1": "JP"
      }
    ]
  },
  {
    "id": 1149,
    "title": "Movie_149",
    "release_date": "2019-12-24",
    "genres": [
      {
        "id": 0,
        "name": "Horror"
      }
    ],
    "vote_average": 6.0,
    "popularity": 271.2,
    "budget": 116000000,
    "revenue": 505424646,
    "runtime": 115,
    "production_countries": [
      {
        "iso_3166_1": "UK"
      }
    ]
  },
  {
    "id": 1150,
    "title": "Movie_150",
    "release_date": "2018-03-08",
    "genres": [
      {
        "id": 0,
        "name": "Documentary"
      }
    ],
    "vote_average": 6.7,
    "popularity": 171.17,
    "budget": 108000000,
    "revenue": 496752929,
    "runtime": 101,
    "production_countries": [
      {
        "iso_3166_1": "JP"
      }
    ]
  },
  {
    "id": 1151,
    "title": "Movie_151",
    "release_date": "2021-12-30",
    "genres": [
      {
        "id": 0,
        "name": "Horror"
      }
    ],
    "vote_average": 5.3,
    "popularity": 180.21,
    "budget": 83000000,
    "revenue": 163767913,
    "runtime": 103,
    "production_countries": [
      {
        "iso_3166_1": "US"
      }
    ]
  },
  {
    "id": 1152,
    "title": "Movie_152",
    "release_date": "2020-12-01",
    "genres": [
      {
        "id": 0,
        "name": "Action"
      }
    ],
    "vote_average": 5.3,
    "popularity": 155.46,
    "budget": 103000000,
    "revenue": 181156216,
    "runtime": 96,
    "production_countries": [
      {
        "iso_3166_1": "JP"
      }
    ]
  },
  {
    "id": 1153,
    "title": "Movie_153",
    "release_date": "2020-09-18",
    "genres": [
      {
        "id": 0,
        "name": "Drama"
      },
      {
        "id": 1,
        "name": "Documentary"
      }
    ],
    "vote_average": 7.9,
    "popularity": 136.42,
    "budget": 0,
    "revenue": 0,
    "runtime": 82,
    "production_countries": [
      {
        "iso_3166_1": "KR"
      }
    ]
  },
  {
    "id": 1154,
    "title": "Movie_154",
    "release_date": "2016-08-10",
    "genres": [
      {
        "id": 0,
        "name": "Drama"
      }
    ],
    "vote_average": 6.5,
    "popularity": 346.15,
    "budget": 0,
    "revenue": 0,
    "runtime": 145,
    "production_countries": [
      {
        "iso_3166_1": "US"
      }
    ]
  },
  {
    "id": 1155,
    "title": "Movie_155",
    "release_date": "2016-07-22",
    "genres": [
      {
        "id": 0,
        "name": "Horror"
      }
    ],
    "vote_average": 8.9,
    "popularity": 293.36,
    "budget": 180000000,
    "revenue": 332766849,
    "runtime": 180,
    "production_countries": [
      {
        "iso_3166_1": "US"
      }
    ]
  },
  {
    "id": 1156,
    "title": "Movie_156",
    "release_date": "2017-07-30",
    "genres": [
      {
        "id": 0,
        "name": "Documentary"
      },
      {
        "id": 1,
        "name": "Comedy"
      }
    ],
    "vote_average": 6.1,
    "popularity": 171.76,
    "budget": 157000000,
    "revenue": 407850112,
    "runtime": 129,
    "production_countries": [
      {
        "iso_3166_1": "KR"
      }
    ]
  },
  {
    "id": 1157,
    "title": "Movie_157",
    "release_date": "2015-07-04",
    "genres": [
      {
        "id": 0,
        "name": "Sci-Fi"
      }
    ],
    "vote_average": 6.4,
    "popularity": 300.55,
    "budget": 34000000,
    "revenue": 108255279,
    "runtime": 133,
    "production_countries": [
      {
        "iso_3166_1": "FR"
      }
    ]
  },
  {
    "id": 1158,
    "title": "Movie_158",
    "release_date": "2016-03-21",
    "genres": [
      {
        "id": 0,
        "name": "Romance"
      },
      {
        "id": 1,
        "name": "Documentary"
      }
    ],
    "vote_average": 7.6,
    "popularity": 399.74,
    "budget": 31000000,
    "revenue": 23001718,
    "runtime": 157,
    "production_countries": [
      {
        "iso_3166_1": "JP"
      }
    ]
  },
  {
    "id": 1159,
    "title": "Movie_159",
    "release_date": "2018-12-16",
    "genres": [
      {
        "id": 0,
        "name": "Documentary"
      }
    ],
    "vote_average": 6.0,
    "popularity": 347.2,
    "budget": 91000000,
    "revenue": 326805479,
    "runtime": 103,
    "production_countries": [
      {
        "iso_3166_1": "FR"
      }
    ]
  },
  {
    "id": 1160,
    "title": "Movie_160",
    "release_date": "2020-03-28",
    "genres": [
      {
        "id": 0,
        "name": "Documentary"
      },
      {
        "id": 1,
        "name": "Horror"
      }
    ],
    "vote_average": 5.8,
    "popularity": 495.36,
    "budget": 0,
    "revenue": 0,
    "runtime": 999,
    "production_countries": [
      {
        "iso_3166_1": "FR"
      }
    ]
  },
  {
    "id": 1161,
    "title": "Movie_161",
    "release_date": "2019-08-16",
    "genres": [
      {
        "id": 0,
        "name": "Horror"
      }
    ],
    "vote_average": 8.5,
    "popularity": 131.54,
    "budget": 20000000,
    "revenue": 49452616,
    "runtime": 84,
    "production_countries": [
      {
        "iso_3166_1": "JP"
      }
    ]
  },
  {
    "id": 1162,
    "title": "Movie_162",
    "release_date": "2019-10-27",
    "genres": [
      {
        "id": 0,
        "name": "Sci-Fi"
      }
    ],
    "vote_average": 5.3,
    "popularity": 301.27,
    "budget": 40000000,
    "revenue": 101663228,
    "runtime": 113,
    "production_countries": [
      {
        "iso_3166_1": "FR"
      }
    ]
  },
  {
    "id": 1163,
    "title": "Movie_163",
    "release_date": "2019-02-16",
    "genres": [
      {
        "id": 0,
        "name": "Sci-Fi"
      }
    ],
    "vote_average": 0.0,
    "popularity": 166.2,
    "budget": 122000000,
    "revenue": 494220724,
    "runtime": 171,
    "production_countries": [
      {
        "iso_3166_1": "KR"
      }
    ]
  },
  {
    "id": 1164,
    "title": "Movie_164",
    "release_date": "2021-03-06",
    "genres": [
      {
        "id": 0,
        "name": "Drama"
      },
      {
        "id": 1,
        "name": "Comedy"
      }
    ],
    "vote_average": 8.0,
    "popularity": 168.14,
    "budget": 0,
    "revenue": 0,
    "runtime": 109,
    "production_countries": [
      {
        "iso_3166_1": "FR"
      }
    ]
  },
  {
    "id": 1165,
    "title": "Movie_165",
    "release_date": "2015-09-15",
    "genres": [
      {
        "id": 0,
        "name": "Drama"
      },
      {
        "id": 1,
        "name": "Documentary"
      }
    ],
    "vote_average": 0.0,
    "popularity": 168.07,
    "budget": 104000000,
    "revenue": 112270933,
    "runtime": 119,
    "production_countries": [
      {
        "iso_3166_1": "KR"
      }
    ]
  },
  {
    "id": 1166,
    "title": "Movie_166",
    "release_date": "2021-05-31",
    "genres": [
      {
        "id": 0,
        "name": "Action"
      },
      {
        "id": 1,
        "name": "Sci-Fi"
      }
    ],
    "vote_average": 6.3,
    "popularity": 457.31,
    "budget": 42000000,
    "revenue": 21758765,
    "runtime": 128,
    "production_countries": [
      {
        "iso_3166_1": "KR"
      }
    ]
  },
  {
    "id": 1167,
    "title": "Movie_167",
    "release_date": "2018-04-23",
    "genres": [
      {
        "id": 0,
        "name": "Action"
      },
      {
        "id": 1,
        "name": "Horror"
      }
    ],
    "vote_average": 8.3,
    "popularity": 259.43,
    "budget": 19000000,
    "revenue": 32612989,
    "runtime": 180,
    "production_countries": [
      {
        "iso_3166_1": "JP"
      }
    ]
  },
  {
    "id": 1168,
    "title": "Movie_168",
    "release_date": "2015-04-10",
    "genres": [
      {
        "id": 0,
        "name": "Documentary"
      },
      {
        "id": 1,
        "name": "Drama"
      }
    ],
    "vote_average": 5.8,
    "popularity": 349.35,
    "budget": 113000000,
    "revenue": 406249944,
    "runtime": 137,
    "production_countries": [
      {
        "iso_3166_1": "JP"
      }
    ]
  },
  {
    "id": 1169,
    "title": "Movie_169",
    "release_date": "2018-08-03",
    "genres": [
      {
        "id": 0,
        "name": "Action"
      }
    ],
    "vote_average": 0.0,
    "popularity": 44.26,
    "budget": 167000000,
    "revenue": 518995487,
    "runtime": 161,
    "production_countries": [
      {
        "iso_3166_1": "JP"
      }
    ]
  },
  {
    "id": 1170,
    "title": "Movie_170",
    "release_date": "2022-04-04",
    "genres": [
      {
        "id": 0,
        "name": "Comedy"
      },
      {
        "id": 1,
        "name": "Action"
      }
    ],
    "vote_average": 8.6,
    "popularity": 194.29,
    "budget": 83000000,
    "revenue": 113760764,
    "runtime": 112,
    "production_countries": [
      {
        "iso_3166_1": "FR"
      }
    ]
  },
  {
    "id": 1171,
    "title": "Movie_171",
    "release_date": "2015-01-15",
    "genres": [
      {
        "id": 0,
        "name": "Documentary"
      },
      {
        "id": 1,
        "name": "Comedy"
      }
    ],
    "vote_average": 5.8,
    "popularity": 235.38,
    "budget": 24000000,
    "revenue": 29620411,
    "runtime": 105,
    "production_countries": [
      {
        "iso_3166_1": "UK"
      }
    ]
  },
  {
    "id": 1172,
    "title": "Movie_172",
    "release_date": "2019-05-02",
    "genres": [
      {
        "id": 0,
        "name": "Romance"
      }
    ],
    "vote_average": 0.0,
    "popularity": 26.24,
    "budget": 71000000,
    "revenue": 350997706,
    "runtime": 108,
    "production_countries": [
      {
        "iso_3166_1": "FR"
      }
    ]
  },
  {
    "id": 1173,
    "title": "Movie_173",
    "release_date": "2015-05-06",
    "genres": [
      {
        "id": 0,
        "name": "Romance"
      }
    ],
    "vote_average": 0.0,
    "popularity": 373.25,
    "budget": 0,
    "revenue": 0,
    "runtime": 145,
    "production_countries": [
      {
        "iso_3166_1": "JP"
      }
    ]
  },
  {
    "id": 1174,
    "title": "Movie_174",
    "release_date": "2017-09-30",
    "genres": [
      {
        "id": 0,
        "name": "Drama"
      }
    ],
    "vote_average": 7.0,
    "popularity": 368.33,
    "budget": 125000000,
    "revenue": 457820525,
    "runtime": 111,
    "production_countries": [
      {
        "iso_3166_1": "FR"
      }
    ]
  },
  {
    "id": 1175,
    "title": "Movie_175",
    "release_date": "2017-09-12",
    "genres": [
      {
        "id": 0,
        "name": "Comedy"
      },
      {
        "id": 1,
        "name": "Horror"
      }
    ],
    "vote_average": 5.0,
    "popularity": 124.65,
    "budget": 119000000,
    "revenue": 268303878,
    "runtime": 154,
    "production_countries": [
      {
        "iso_3166_1": "JP"
      }
    ]
  },
  {
    "id": 1176,
    "title": "Movie_176",
    "release_date": "2017-11-15",
    "genres": [
      {
        "id": 0,
        "name": "Sci-Fi"
      },
      {
        "id": 1,
        "name": "Romance"
      }
    ],
    "vote_average": 0.0,
    "popularity": 313.09,
    "budget": 0,
    "revenue": 0,
    "runtime": 143,
    "production_countries": [
      {
        "iso_3166_1": "FR"
      }
    ]
  },
  {
    "id": 1177,
    "title": "Movie_177",
    "release_date": "2019-07-08",
    "genres": [
      {
        "id": 0,
        "name": "Action"
      },
      {
        "id": 1,
        "name": "Comedy"
      }
    ],
    "vote_average": 8.1,
    "popularity": 246.7,
    "budget": 194000000,
    "revenue": 725664531,
    "runtime": 175,
    "production_countries": [
      {
        "iso_3166_1": "UK"
      }
    ]
  },
  {
    "id": 1178,
    "title": "Movie_178",
    "release_date": "2020-02-19",
    "genres": [
      {
        "id": 0,
        "name": "Romance"
      }
    ],
    "vote_average": 7.4,
    "popularity": 114.53,
    "budget": 137000000,
    "revenue": 413413736,
    "runtime": 136,
    "production_countries": [
      {
        "iso_3166_1": "UK"
      }
    ]
  },
  {
    "id": 1179,
    "title": "Movie_179",
    "release_date": "2022-10-31",
    "genres": [
      {
        "id": 0,
        "name": "Documentary"
      }
    ],
    "vote_average": 5.2,
    "popularity": 25.79,
    "budget": 21000000,
    "revenue": 37460431,
    "runtime": 105,
    "production_countries": [
      {
        "iso_3166_1": "US"
      }
    ]
  },
  {
    "id": 1180,
    "title": "Movie_180",
    "release_date": "2018-07-18",
    "genres": [
      {
        "id": 0,
        "name": "Documentary"
      }
    ],
    "vote_average": 6.9,
    "popularity": 19.36,
    "budget": 17000000,
    "revenue": 67046593,
    "runtime": 999,
    "production_countries": [
      {
        "iso_3166_1": "FR"
      }
    ]
  },
  {
    "id": 1181,
    "title": "Movie_181",
    "release_date": "2021-06-20",
    "genres": [
      {
        "id": 0,
        "name": "Drama"
      },
      {
        "id": 1,
        "name": "Horror"
      }
    ],
    "vote_average": 6.3,
    "popularity": 357.48,
    "budget": 56000000,
    "revenue": 30571391,
    "runtime": 167,
    "production_countries": [
      {
        "iso_3166_1": "JP"
      }
    ]
  },
  {
    "id": 1182,
    "title": "Movie_182",
    "release_date": "2019-05-01",
    "genres": [
      {
        "id": 0,
        "name": "Comedy"
      },
      {
        "id": 1,
        "name": "Romance"
      }
    ],
    "vote_average": 5.3,
    "popularity": 345.66,
    "budget": 0,
    "revenue": 0,
    "runtime": 165,
    "production_countries": [
      {
        "iso_3166_1": "KR"
      }
    ]
  },
  {
    "id": 1183,
    "title": "Movie_183",
    "release_date": "2020-09-17",
    "genres": [
      {
        "id": 0,
        "name": "Drama"
      },
      {
        "id": 1,
        "name": "Romance"
      }
    ],
    "vote_average": 0.0,
    "popularity": 286.48,
    "budget": 39000000,
    "revenue": 129192709,
    "runtime": 102,
    "production_countries": [
      {
        "iso_3166_1": "US"
      }
    ]
  },
  {
    "id": 1184,
    "title": "Movie_184",
    "release_date": "2015-05-25",
    "genres": [
      {
        "id": 0,
        "name": "Drama"
      },
      {
        "id": 1,
        "name": "Horror"
      }
    ],
    "vote_average": 5.2,
    "popularity": 185.32,
    "budget": 0,
    "revenue": 0,
    "runtime": 99,
    "production_countries": [
      {
        "iso_3166_1": "US"
      }
    ]
  },
  {
    "id": 1185,
    "title": "Movie_185",
    "release_date": "2019-01-21",
    "genres": [
      {
        "id": 0,
        "name": "Horror"
      },
      {
        "id": 1,
        "name": "Comedy"
      }
    ],
    "vote_average": 6.1,
    "popularity": 286.32,
    "budget": 121000000,
    "revenue": 103389057,
    "runtime": 121,
    "production_countries": [
      {
        "iso_3166_1": "FR"
      }
    ]
  },
  {
    "id": 1186,
    "title": "Movie_186",
    "release_date": "2022-05-07",
    "genres": [
      {
        "id": 0,
        "name": "Drama"
      }
    ],
    "vote_average": 5.3,
    "popularity": 258.28,
    "budget": 163000000,
    "revenue": 255564712,
    "runtime": 170,
    "production_countries": [
      {
        "iso_3166_1": "US"
      }
    ]
  },
  {
    "id": 1187,
    "title": "Movie_187",
    "release_date": "2016-02-20",
    "genres": [
      {
        "id": 0,
        "name": "Sci-Fi"
      },
      {
        "id": 1,
        "name": "Action"
      }
    ],
    "vote_average": 8.0,
    "popularity": 83.38,
    "budget": 123000000,
    "revenue": 390839379,
    "runtime": 140,
    "production_countries": [
      {
        "iso_3166_1": "KR"
      }
    ]
  },
  {
    "id": 1188,
    "title": "Movie_188",
    "release_date": "2018-07-01",
    "genres": [
      {
        "id": 0,
        "name": "Horror"
      }
    ],
    "vote_average": 7.9,
    "popularity": 430.96,
    "budget": 67000000,
    "revenue": 240726348,
    "runtime": 98,
    "production_countries": [
      {
        "iso_3166_1": "FR"
      }
    ]
  },
  {
    "id": 1189,
    "title": "Movie_189",
    "release_date": "2016-02-15",
    "genres": [
      {
        "id": 0,
        "name": "Comedy"
      },
      {
        "id": 1,
        "name": "Horror"
      }
    ],
    "vote_average": 5.7,
    "popularity": 454.34,
    "budget": 170000000,
    "revenue": 730027821,
    "runtime": 133,
    "production_countries": [
      {
        "iso_3166_1": "UK"
      }
    ]
  },
  {
    "id": 1190,
    "title": "Movie_190",
    "release_date": "2021-10-02",
    "genres": [
      {
        "id": 0,
        "name": "Sci-Fi"
      }
    ],
    "vote_average": 8.4,
    "popularity": 64.23,
    "budget": 165000000,
    "revenue": 615129233,
    "runtime": 139,
    "production_countries": [
      {
        "iso_3166_1": "FR"
      }
    ]
  },
  {
    "id": 1191,
    "title": "Movie_191",
    "release_date": "2017-12-15",
    "genres": [
      {
        "id": 0,
        "name": "Sci-Fi"
      },
      {
        "id": 1,
        "name": "Comedy"
      }
    ],
    "vote_average": 6.3,
    "popularity": 498.55,
    "budget": 0,
    "revenue": 0,
    "runtime": 104,
    "production_countries": [
      {
        "iso_3166_1": "JP"
      }
    ]
  },
  {
    "id": 1192,
    "title": "Movie_192",
    "release_date": "2022-02-02",
    "genres": [
      {
        "id": 0,
        "name": "Comedy"
      },
      {
        "id": 1,
        "name": "Horror"
      }
    ],
    "vote_average": 8.5,
    "popularity": 429.81,
    "budget": 192000000,
    "revenue": 500373739,
    "runtime": 120,
    "production_countries": [
      {
        "iso_3166_1": "JP"
      }
    ]
  },
  {
    "id": 1193,
    "title": "Movie_193",
    "release_date": "2020-02-21",
    "genres": [
      {
        "id": 0,
        "name": "Documentary"
      },
      {
        "id": 1,
        "name": "Comedy"
      }
    ],
    "vote_average": 5.4,
    "popularity": 389.69,
    "budget": 90000000,
    "revenue": 143256281,
    "runtime": 152,
    "production_countries": [
      {
        "iso_3166_1": "KR"
      }
    ]
  },
  {
    "id": 1194,
    "title": "Movie_194",
    "release_date": "2016-01-20",
    "genres": [
      {
        "id": 0,
        "name": "Sci-Fi"
      },
      {
        "id": 1,
        "name": "Documentary"
      }
    ],
    "vote_average": 5.0,
    "popularity": 55.94,
    "budget": 0,
    "revenue": 0,
    "runtime": 92,
    "production_countries": [
      {
        "iso_3166_1": "UK"
      }
    ]
  },
  {
    "id": 1195,
    "title": "Movie_195",
    "release_date": "2018-01-27",
    "genres": [
      {
        "id": 0,
        "name": "Sci-Fi"
      }
    ],
    "vote_average": 6.7,
    "popularity": 212.91,
    "budget": 0,
    "revenue": 0,
    "runtime": 150,
    "production_countries": [
      {
        "iso_3166_1": "KR"
      }
    ]
  },
  {
    "id": 1196,
    "title": "Movie_196",
    "release_date": "2019-01-22",
    "genres": [
      {
        "id": 0,
        "name": "Horror"
      }
    ],
    "vote_average": 5.2,
    "popularity": 476.92,
    "budget": 0,
    "revenue": 0,
    "runtime": 83,
    "production_countries": [
      {
        "iso_3166_1": "FR"
      }
    ]
  },
  {
    "id": 1197,
    "title": "Movie_197",
    "release_date": "2018-02-08",
    "genres": [
      {
        "id": 0,
        "name": "Sci-Fi"
      }
    ],
    "vote_average": 5.6,
    "popularity": 328.44,
    "budget": 39000000,
    "revenue": 158971140,
    "runtime": 138,
    "production_countries": [
      {
        "iso_3166_1": "KR"
      }
    ]
  },
  {
    "id": 1198,
    "title": "Movie_198",
    "release_date": "2020-06-06",
    "genres": [
      {
        "id": 0,
        "name": "Documentary"
      },
      {
        "id": 1,
        "name": "Sci-Fi"
      }
    ],
    "vote_average": 6.4,
    "popularity": 493.64,
    "budget": 197000000,
    "revenue": 827402373,
    "runtime": 82,
    "production_countries": [
      {
        "iso_3166_1": "KR"
      }
    ]
  },
  {
    "id": 1199,
    "title": "Movie_199",
    "release_date": "2017-12-09",
    "genres": [
      {
        "id": 0,
        "name": "Drama"
      },
      {
        "id": 1,
        "name": "Horror"
      }
    ],
    "vote_average": 6.8,
    "popularity": 128.91,
    "budget": 78000000,
    "revenue": 294689503,
    "runtime": 101,
    "production_countries": [
      {
        "iso_3166_1": "KR"
      }
    ]
  },
  {
    "id": 1200,
    "title": "Movie_200",
    "release_date": "2018-07-04",
    "genres": [
      {
        "id": 0,
        "name": "Sci-Fi"
      },
      {
        "id": 1,
        "name": "Romance"
      }
    ],
    "vote_average": 7.9,
    "popularity": 288.55,
    "budget": 91000000,
    "revenue": 93942198,
    "runtime": 999,
    "production_countries": [
      {
        "iso_3166_1": "US"
      }
    ]
  },
  {
    "id": 1201,
    "title": "Movie_201",
    "release_date": "2020-11-30",
    "genres": [
      {
        "id": 0,
        "name": "Documentary"
      },
      {
        "id": 1,
        "name": "Action"
      }
    ],
    "vote_average": 5.1,
    "popularity": 229.5,
    "budget": 52000000,
    "revenue": 180325474,
    "runtime": 126,
    "production_countries": [
      {
        "iso_3166_1": "US"
      }
    ]
  },
  {
    "id": 1202,
    "title": "Movie_202",
    "release_date": "2022-04-09",
    "genres": [
      {
        "id": 0,
        "name": "Sci-Fi"
      }
    ],
    "vote_average": 8.4,
    "popularity": 43.32,
    "budget": 188000000,
    "revenue": 564498716,
    "runtime": 170,
    "production_countries": [
      {
        "iso_3166_1": "US"
      }
    ]
  },
  {
    "id": 1203,
    "title": "Movie_203",
    "release_date": "2022-01-31",
    "genres": [
      {
        "id": 0,
        "name": "Action"
      },
      {
        "id": 1,
        "name": "Romance"
      }
    ],
    "vote_average": 6.8,
    "popularity": 294.55,
    "budget": 181000000,
    "revenue": 834101432,
    "runtime": 179,
    "production_countries": [
      {
        "iso_3166_1": "JP"
      }
    ]
  },
  {
    "id": 1204,
    "title": "Movie_204",
    "release_date": "2022-05-10",
    "genres": [
      {
        "id": 0,
        "name": "Drama"
      }
    ],
    "vote_average": 7.5,
    "popularity": 355.3,
    "budget": 51000000,
    "revenue": 141744666,
    "runtime": 164,
    "production_countries": [
      {
        "iso_3166_1": "JP"
      }
    ]
  },
  {
    "id": 1205,
    "title": "Movie_205",
    "release_date": "2022-11-25",
    "genres": [
      {
        "id": 0,
        "name": "Romance"
      },
      {
        "id": 1,
        "name": "Horror"
      }
    ],
    "vote_average": 8.3,
    "popularity": 335.18,
    "budget": 0,
    "revenue": 0,
    "runtime": 160,
    "production_countries": [
      {
        "iso_3166_1": "US"
      }
    ]
  },
  {
    "id": 1206,
    "title": "Movie_206",
    "release_date": "2017-10-05",
    "genres": [
      {
        "id": 0,
        "name": "Action"
      }
    ],
    "vote_average": 8.1,
    "popularity": 490.47,
    "budget": 0,
    "revenue": 0,
    "runtime": 153,
    "production_countries": [
      {
        "iso_3166_1": "US"
      }
    ]
  },
  {
    "id": 1207,
    "title": "Movie_207",
    "release_date": "2021-11-22",
    "genres": [
      {
        "id": 0,
        "name": "Horror"
      },
      {
        "id": 1,
        "name": "Sci-Fi"
      }
    ],
    "vote_average": 6.2,
    "popularity": 404.98,
    "budget": 156000000,
    "revenue": 364602383,
    "runtime": 89,
    "production_countries": [
      {
        "iso_3166_1": "UK"
      }
    ]
  },
  {
    "id": 1208,
    "title": "Movie_208",
    "release_date": "2022-02-15",
    "genres": [
      {
        "id": 0,
        "name": "Horror"
      }
    ],
    "vote_average": 7.8,
    "popularity": 459.72,
    "budget": 68000000,
    "revenue": 270811477,
    "runtime": 158,
    "production_countries": [
      {
        "iso_3166_1": "JP"
      }
    ]
  },
  {
    "id": 1209,
    "title": "Movie_209",
    "release_date": "2020-08-23",
    "genres": [
      {
        "id": 0,
        "name": "Drama"
      }
    ],
    "vote_average": 8.0,
    "popularity": 103.57,
    "budget": 0,
    "revenue": 0,
    "runtime": 94,
    "production_countries": [
      {
        "iso_3166_1": "US"
      }
    ]
  },
  {
    "id": 1210,
    "title": "Movie_210",
    "release_date": "2021-08-11",
    "genres": [
      {
        "id": 0,
        "name": "Romance"
      }
    ],
    "vote_average": 5.8,
    "popularity": 334.12,
    "budget": 19000000,
    "revenue": 53838044,
    "runtime": 119,
    "production_countries": [
      {
        "iso_3166_1": "FR"
      }
    ]
  },
  {
    "id": 1211,
    "title": "Movie_211",
    "release_date": "2020-06-01",
    "genres": [
      {
        "id": 0,
        "name": "Drama"
      },
      {
        "id": 1,
        "name": "Romance"
      }
    ],
    "vote_average": 7.7,
    "popularity": 465.69,
    "budget": 59000000,
    "revenue": 119403677,
    "runtime": 173,
    "production_countries": [
      {
        "iso_3166_1": "US"
      }
    ]
  },
  {
    "id": 1212,
    "title": "Movie_212",
    "release_date": "2021-05-30",
    "genres": [
      {
        "id": 0,
        "name": "Drama"
      },
      {
        "id": 1,
        "name": "Romance"
      }
    ],
    "vote_average": 5.0,
    "popularity": 251.56,
    "budget": 128000000,
    "revenue": 115373573,
    "runtime": 88,
    "production_countries": [
      {
        "iso_3166_1": "US"
      }
    ]
  },
  {
    "id": 1213,
    "title": "Movie_213",
    "release_date": "2018-05-31",
    "genres": [
      {
        "id": 0,
        "name": "Sci-Fi"
      }
    ],
    "vote_average": 8.1,
    "popularity": 182.24,
    "budget": 177000000,
    "revenue": 848340413,
    "runtime": 117,
    "production_countries": [
      {
        "iso_3166_1": "US"
      }
    ]
  },
  {
    "id": 1214,
    "title": "Movie_214",
    "release_date": "2016-08-09",
    "genres": [
      {
        "id": 0,
        "name": "Sci-Fi"
      }
    ],
    "vote_average": 6.3,
    "popularity": 63.77,
    "budget": 0,
    "revenue": 0,
    "runtime": 101,
    "production_countries": [
      {
        "iso_3166_1": "US"
      }
    ]
  },
  {
    "id": 1215,
    "title": "Movie_215",
    "release_date": "2019-05-13",
    "genres": [
      {
        "id": 0,
        "name": "Comedy"
      },
      {
        "id": 1,
        "name": "Action"
      }
    ],
    "vote_average": 5.9,
    "popularity": 226.49,
    "budget": 0,
    "revenue": 0,
    "runtime": 148,
    "production_countries": [
      {
        "iso_3166_1": "UK"
      }
    ]
  },
  {
    "id": 1216,
    "title": "Movie_216",
    "release_date": "2021-02-06",
    "genres": [
      {
        "id": 0,
        "name": "Documentary"
      }
    ],
    "vote_average": 6.4,
    "popularity": 229.71,
    "budget": 186000000,
    "revenue": 608190709,
    "runtime": 115,
    "production_countries": [
      {
        "iso_3166_1": "UK"
      }
    ]
  },
  {
    "id": 1217,
    "title": "Movie_217",
    "release_date": "2023-02-27",
    "genres": [
      {
        "id": 0,
        "name": "Drama"
      }
    ],
    "vote_average": 7.5,
    "popularity": 214.93,
    "budget": 139000000,
    "revenue": 468471312,
    "runtime": 88,
    "production_countries": [
      {
        "iso_3166_1": "US"
      }
    ]
  },
  {
    "id": 1218,
    "title": "Movie_218",
    "release_date": "2022-02-04",
    "genres": [
      {
        "id": 0,
        "name": "Sci-Fi"
      },
      {
        "id": 1,
        "name": "Horror"
      }
    ],
    "vote_average": 5.8,
    "popularity": 428.16,
    "budget": 89000000,
    "revenue": 159671615,
    "runtime": 109,
    "production_countries": [
      {
        "iso_3166_1": "KR"
      }
    ]
  },
  {
    "id": 1219,
    "title": "Movie_219",
    "release_date": "2015-01-27",
    "genres": [
      {
        "id": 0,
        "name": "Romance"
      }
    ],
    "vote_average": 0.0,
    "popularity": 473.71,
    "budget": 80000000,
    "revenue": 100846455,
    "runtime": 123,
    "production_countries": [
      {
        "iso_3166_1": "JP"
      }
    ]
  },
  {
    "id": 1220,
    "title": "Movie_220",
    "release_date": "2022-01-26",
    "genres": [
      {
        "id": 0,
        "name": "Drama"
      },
      {
        "id": 1,
        "name": "Comedy"
      }
    ],
    "vote_average": 0.0,
    "popularity": 305.95,
    "budget": 161000000,
    "revenue": 317416305,
    "runtime": 999,
    "production_countries": [
      {
        "iso_3166_1": "KR"
      }
    ]
  },
  {
    "id": 1221,
    "title": "Movie_221",
    "release_date": "2017-10-01",
    "genres": [
      {
        "id": 0,
        "name": "Comedy"
      },
      {
        "id": 1,
        "name": "Horror"
      }
    ],
    "vote_average": 8.5,
    "popularity": 422.83,
    "budget": 87000000,
    "revenue": 401449536,
    "runtime": 114,
    "production_countries": [
      {
        "iso_3166_1": "FR"
      }
    ]
  },
  {
    "id": 1222,
    "title": "Movie_222",
    "release_date": "2017-03-19",
    "genres": [
      {
        "id": 0,
        "name": "Sci-Fi"
      },
      {
        "id": 1,
        "name": "Documentary"
      }
    ],
    "vote_average": 7.1,
    "popularity": 282.02,
    "budget": 15000000,
    "revenue": 31865950,
    "runtime": 141,
    "production_countries": [
      {
        "iso_3166_1": "FR"
      }
    ]
  },
  {
    "id": 1223,
    "title": "Movie_223",
    "release_date": "2022-09-11",
    "genres": [
      {
        "id": 0,
        "name": "Action"
      },
      {
        "id": 1,
        "name": "Horror"
      }
    ],
    "vote_average": 8.3,
    "popularity": 381.19,
    "budget": 150000000,
    "revenue": 248923152,
    "runtime": 140,
    "production_countries": [
      {
        "iso_3166_1": "US"
      }
    ]
  },
  {
    "id": 1224,
    "title": "Movie_224",
    "release_date": "2018-06-04",
    "genres": [
      {
        "id": 0,
        "name": "Documentary"
      }
    ],
    "vote_average": 8.7,
    "popularity": 447.58,
    "budget": 167000000,
    "revenue": 337540771,
    "runtime": 154,
    "production_countries": [
      {
        "iso_3166_1": "UK"
      }
    ]
  },
  {
    "id": 1225,
    "title": "Movie_225",
    "release_date": "2015-12-28",
    "genres": [
      {
        "id": 0,
        "name": "Drama"
      },
      {
        "id": 1,
        "name": "Sci-Fi"
      }
    ],
    "vote_average": 5.1,
    "popularity": 362.0,
    "budget": 179000000,
    "revenue": 549129074,
    "runtime": 107,
    "production_countries": [
      {
        "iso_3166_1": "US"
      }
    ]
  },
  {
    "id": 1226,
    "title": "Movie_226",
    "release_date": "2021-01-23",
    "genres": [
      {
        "id": 0,
        "name": "Drama"
      }
    ],
    "vote_average": 6.3,
    "popularity": 143.06,
    "budget": 76000000,
    "revenue": 293548432,
    "runtime": 104,
    "production_countries": [
      {
        "iso_3166_1": "UK"
      }
    ]
  },
  {
    "id": 1227,
    "title": "Movie_227",
    "release_date": "2016-01-15",
    "genres": [
      {
        "id": 0,
        "name": "Horror"
      },
      {
        "id": 1,
        "name": "Comedy"
      }
    ],
    "vote_average": 5.1,
    "popularity": 382.12,
    "budget": 0,
    "revenue": 0,
    "runtime": 123,
    "production_countries": [
      {
        "iso_3166_1": "JP"
      }
    ]
  },
  {
    "id": 1228,
    "title": "Movie_228",
    "release_date": "2019-08-27",
    "genres": [
      {
        "id": 0,
        "name": "Horror"
      },
      {
        "id": 1,
        "name": "Romance"
      }
    ],
    "vote_average": 5.4,
    "popularity": 274.41,
    "budget": 53000000,
    "revenue": 168067784,
    "runtime": 122,
    "production_countries": [
      {
        "iso_3166_1": "KR"
      }
    ]
  },
  {
    "id": 1229,
    "title": "Movie_229",
    "release_date": "2020-01-11",
    "genres": [
      {
        "id": 0,
        "name": "Comedy"
      },
      {
        "id": 1,
        "name": "Action"
      }
    ],
    "vote_average": 6.7,
    "popularity": 204.95,
    "budget": 98000000,
    "revenue": 260091433,
    "runtime": 157,
    "production_countries": [
      {
        "iso_3166_1": "UK"
      }
    ]
  },
  {
    "id": 1230,
    "title": "Movie_230",
    "release_date": "2015-04-09",
    "genres": [
      {
        "id": 0,
        "name": "Horror"
      }
    ],
    "vote_average": 7.5,
    "popularity": 356.44,
    "budget": 116000000,
    "revenue": 375528646,
    "runtime": 123,
    "production_countries": [
      {
        "iso_3166_1": "KR"
      }
    ]
  },
  {
    "id": 1231,
    "title": "Movie_231",
    "release_date": "2020-11-10",
    "genres": [
      {
        "id": 0,
        "name": "Drama"
      },
      {
        "id": 1,
        "name": "Horror"
      }
    ],
    "vote_average": 7.2,
    "popularity": 164.51,
    "budget": 70000000,
    "revenue": 219097669,
    "runtime": 162,
    "production_countries": [
      {
        "iso_3166_1": "UK"
      }
    ]
  },
  {
    "id": 1232,
    "title": "Movie_232",
    "release_date": "2019-11-03",
    "genres": [
      {
        "id": 0,
        "name": "Action"
      }
    ],
    "vote_average": 6.2,
    "popularity": 345.58,
    "budget": 98000000,
    "revenue": 92509681,
    "runtime": 122,
    "production_countries": [
      {
        "iso_3166_1": "KR"
      }
    ]
  },
  {
    "id": 1233,
    "title": "Movie_233",
    "release_date": "2022-10-10",
    "genres": [
      {
        "id": 0,
        "name": "Action"
      }
    ],
    "vote_average": 0.0,
    "popularity": 256.82,
    "budget": 52000000,
    "revenue": 57281035,
    "runtime": 140,
    "production_countries": [
      {
        "iso_3166_1": "JP"
      }
    ]
  },
  {
    "id": 1234,
    "title": "Movie_234",
    "release_date": "2019-01-31",
    "genres": [
      {
        "id": 0,
        "name": "Documentary"
      }
    ],
    "vote_average": 0.0,
    "popularity": 167.05,
    "budget": 111000000,
    "revenue": 338273571,
    "runtime": 110,
    "production_countries": [
      {
        "iso_3166_1": "FR"
      }
    ]
  },
  {
    "id": 1235,
    "title": "Movie_235",
    "release_date": "2021-02-01",
    "genres": [
      {
        "id": 0,
        "name": "Documentary"
      }
    ],
    "vote_average": 6.0,
    "popularity": 163.75,
    "budget": 109000000,
    "revenue": 267865242,
    "runtime": 162,
    "production_countries": [
      {
        "iso_3166_1": "UK"
      }
    ]
  },
  {
    "id": 1236,
    "title": "Movie_236",
    "release_date": "2015-09-18",
    "genres": [
      {
        "id": 0,
        "name": "Documentary"
      }
    ],
    "vote_average": 7.0,
    "popularity": 375.52,
    "budget": 0,
    "revenue": 0,
    "runtime": 85,
    "production_countries": [
      {
        "iso_3166_1": "FR"
      }
    ]
  },
  {
    "id": 1237,
    "title": "Movie_237",
    "release_date": "2022-06-24",
    "genres": [
      {
        "id": 0,
        "name": "Romance"
      }
    ],
    "vote_average": 8.2,
    "popularity": 55.77,
    "budget": 0,
    "revenue": 0,
    "runtime": 143,
    "production_countries": [
      {
        "iso_3166_1": "JP"
      }
    ]
  },
  {
    "id": 1238,
    "title": "Movie_238",
    "release_date": "2022-03-08",
    "genres": [
      {
        "id": 0,
        "name": "Sci-Fi"
      }
    ],
    "vote_average": 0.0,
    "popularity": 99.59,
    "budget": 16000000,
    "revenue": 50183059,
    "runtime": 173,
    "production_countries": [
      {
        "iso_3166_1": "JP"
      }
    ]
  },
  {
    "id": 1239,
    "title": "Movie_239",
    "release_date": "2018-04-27",
    "genres": [
      {
        "id": 0,
        "name": "Horror"
      },
      {
        "id": 1,
        "name": "Romance"
      }
    ],
    "vote_average": 6.9,
    "popularity": 49.52,
    "budget": 174000000,
    "revenue": 756141113,
    "runtime": 89,
    "production_countries": [
      {
        "iso_3166_1": "US"
      }
    ]
  },
  {
    "id": 1240,
    "title": "Movie_240",
    "release_date": "2018-04-18",
    "genres": [
      {
        "id": 0,
        "name": "Documentary"
      }
    ],
    "vote_average": 6.4,
    "popularity": 190.67,
    "budget": 0,
    "revenue": 0,
    "runtime": 999,
    "production_countries": [
      {
        "iso_3166_1": "FR"
      }
    ]
  },
  {
    "id": 1241,
    "title": "Movie_241",
    "release_date": "2017-12-11",
    "genres": [
      {
        "id": 0,
        "name": "Romance"
      },
      {
        "id": 1,
        "name": "Drama"
      }
    ],
    "vote_average": 0.0,
    "popularity": 372.29,
    "budget": 8000000,
    "revenue": 5277140,
    "runtime": 97,
    "production_countries": [
      {
        "iso_3166_1": "UK"
      }
    ]
  },
  {
    "id": 1242,
    "title": "Movie_242",
    "release_date": "2021-02-02",
    "genres": [
      {
        "id": 0,
        "name": "Horror"
      }
    ],
    "vote_average": 7.5,
    "popularity": 190.64,
    "budget": 54000000,
    "revenue": 65113933,
    "runtime": 84,
    "production_countries": [
      {
        "iso_3166_1": "JP"
      }
    ]
  },
  {
    "id": 1243,
    "title": "Movie_243",
    "release_date": "2021-11-11",
    "genres": [
      {
        "id": 0,
        "name": "Horror"
      },
      {
        "id": 1,
        "name": "Sci-Fi"
      }
    ],
    "vote_average": 5.1,
    "popularity": 491.95,
    "budget": 59000000,
    "revenue": 119364835,
    "runtime": 119,
    "production_countries": [
      {
        "iso_3166_1": "FR"
      }
    ]
  },
  {
    "id": 1244,
    "title": "Movie_244",
    "release_date": "2020-06-19",
    "genres": [
      {
        "id": 0,
        "name": "Drama"
      }
    ],
    "vote_average": 8.2,
    "popularity": 461.23,
    "budget": 63000000,
    "revenue": 124413746,
    "runtime": 177,
    "production_countries": [
      {
        "iso_3166_1": "US"
      }
    ]
  },
  {
    "id": 1245,
    "title": "Movie_245",
    "release_date": "2017-03-11",
    "genres": [
      {
        "id": 0,
        "name": "Horror"
      },
      {
        "id": 1,
        "name": "Documentary"
      }
    ],
    "vote_average": 6.7,
    "popularity": 288.85,
    "budget": 20000000,
    "revenue": 46263439,
    "runtime": 84,
    "production_countries": [
      {
        "iso_3166_1": "FR"
      }
    ]
  },
  {
    "id": 1246,
    "title": "Movie_246",
    "release_date": "2017-02-21",
    "genres": [
      {
        "id": 0,
        "name": "Horror"
      }
    ],
    "vote_average": 7.2,
    "popularity": 335.55,
    "budget": 106000000,
    "revenue": 514853961,
    "runtime": 93,
    "production_countries": [
      {
        "iso_3166_1": "UK"
      }
    ]
  },
  {
    "id": 1247,
    "title": "Movie_247",
    "release_date": "2018-12-28",
    "genres": [
      {
        "id": 0,
        "name": "Horror"
      },
      {
        "id": 1,
        "name": "Documentary"
      }
    ],
    "vote_average": 6.3,
    "popularity": 312.13,
    "budget": 57000000,
    "revenue": 79606135,
    "runtime": 130,
    "production_countries": [
      {
        "iso_3166_1": "FR"
      }
    ]
  },
  {
    "id": 1248,
    "title": "Movie_248",
    "release_date": "2020-12-03",
    "genres": [
      {
        "id": 0,
        "name": "Romance"
      },
      {
        "id": 1,
        "name": "Drama"
      }
    ],
    "vote_average": 8.1,
    "popularity": 410.32,
    "budget": 17000000,
    "revenue": 66715480,
    "runtime": 153,
    "production_countries": [
      {
        "iso_3166_1": "JP"
      }
    ]
  },
  {
    "id": 1249,
    "title": "Movie_249",
    "release_date": "2022-07-02",
    "genres": [
      {
        "id": 0,
        "name": "Comedy"
      },
      {
        "id": 1,
        "name": "Romance"
      }
    ],
    "vote_average": 8.0,
    "popularity": 462.05,
    "budget": 24000000,
    "revenue": 58351536,
    "runtime": 179,
    "production_countries": [
      {
        "iso_3166_1": "FR"
      }
    ]
  },
  {
    "id": 1250,
    "title": "Movie_250",
    "release_date": "2016-11-17",
    "genres": [
      {
        "id": 0,
        "name": "Drama"
      },
      {
        "id": 1,
        "name": "Horror"
      }
    ],
    "vote_average": 6.9,
    "popularity": 374.14,
    "budget": 187000000,
    "revenue": 290815908,
    "runtime": 133,
    "production_countries": [
      {
        "iso_3166_1": "JP"
      }
    ]
  },
  {
    "id": 1251,
    "title": "Movie_251",
    "release_date": "2017-10-28",
    "genres": [
      {
        "id": 0,
        "name": "Comedy"
      }
    ],
    "vote_average": 7.0,
    "popularity": 33.37,
    "budget": 5000000,
    "revenue": 4084924,
    "runtime": 80,
    "production_countries": [
      {
        "iso_3166_1": "US"
      }
    ]
  },
  {
    "id": 1252,
    "title": "Movie_252",
    "release_date": "2015-07-26",
    "genres": [
      {
        "id": 0,
        "name": "Drama"
      },
      {
        "id": 1,
        "name": "Romance"
      }
    ],
    "vote_average": 5.1,
    "popularity": 482.09,
    "budget": 0,
    "revenue": 0,
    "runtime": 145,
    "production_countries": [
      {
        "iso_3166_1": "KR"
      }
    ]
  },
  {
    "id": 1253,
    "title": "Movie_253",
    "release_date": "2018-12-25",
    "genres": [
      {
        "id": 0,
        "name": "Drama"
      },
      {
        "id": 1,
        "name": "Action"
      }
    ],
    "vote_average": 6.6,
    "popularity": 254.59,
    "budget": 188000000,
    "revenue": 218740339,
    "runtime": 86,
    "production_countries": [
      {
        "iso_3166_1": "US"
      }
    ]
  },
  {
    "id": 1254,
    "title": "Movie_254",
    "release_date": "2017-03-13",
    "genres": [
      {
        "id": 0,
        "name": "Drama"
      },
      {
        "id": 1,
        "name": "Comedy"
      }
    ],
    "vote_average": 6.3,
    "popularity": 177.63,
    "budget": 126000000,
    "revenue": 443063226,
    "runtime": 84,
    "production_countries": [
      {
        "iso_3166_1": "US"
      }
    ]
  },
  {
    "id": 1255,
    "title": "Movie_255",
    "release_date": "2016-07-26",
    "genres": [
      {
        "id": 0,
        "name": "Drama"
      },
      {
        "id": 1,
        "name": "Romance"
      }
    ],
    "vote_average": 5.0,
    "popularity": 464.66,
    "budget": 136000000,
    "revenue": 543838903,
    "runtime": 111,
    "production_countries": [
      {
        "iso_3166_1": "KR"
      }
    ]
  },
  {
    "id": 1256,
    "title": "Movie_256",
    "release_date": "2022-06-01",
    "genres": [
      {
        "id": 0,
        "name": "Romance"
      }
    ],
    "vote_average": 6.4,
    "popularity": 23.47,
    "budget": 200000000,
    "revenue": 504586762,
    "runtime": 163,
    "production_countries": [
      {
        "iso_3166_1": "UK"
      }
    ]
  },
  {
    "id": 1257,
    "title": "Movie_257",
    "release_date": "2018-04-27",
    "genres": [
      {
        "id": 0,
        "name": "Romance"
      }
    ],
    "vote_average": 5.9,
    "popularity": 456.48,
    "budget": 145000000,
    "revenue": 344297592,
    "runtime": 100,
    "production_countries": [
      {
        "iso_3166_1": "JP"
      }
    ]
  },
  {
    "id": 1258,
    "title": "Movie_258",
    "release_date": "2016-10-20",
    "genres": [
      {
        "id": 0,
        "name": "Documentary"
      },
      {
        "id": 1,
        "name": "Comedy"
      }
    ],
    "vote_average": 6.8,
    "popularity": 418.2,
    "budget": 54000000,
    "revenue": 75623103,
    "runtime": 144,
    "production_countries": [
      {
        "iso_3166_1": "UK"
      }
    ]
  },
  {
    "id": 1259,
    "title": "Movie_259",
    "release_date": "2018-07-16",
    "genres": [
      {
        "id": 0,
        "name": "Sci-Fi"
      }
    ],
    "vote_average": 5.7,
    "popularity": 453.24,
    "budget": 95000000,
    "revenue": 275616224,
    "runtime": 162,
    "production_countries": [
      {
        "iso_3166_1": "KR"
      }
    ]
  },
  {
    "id": 1260,
    "title": "Movie_260",
    "release_date": "2017-08-21",
    "genres": [
      {
        "id": 0,
        "name": "Drama"
      },
      {
        "id": 1,
        "name": "Documentary"
      }
    ],
    "vote_average": 0.0,
    "popularity": 336.71,
    "budget": 90000000,
    "revenue": 169363364,
    "runtime": 999,
    "production_countries": [
      {
        "iso_3166_1": "US"
      }
    ]
  },
  {
    "id": 1261,
    "title": "Movie_261",
    "release_date": "2020-02-25",
    "genres": [
      {
        "id": 0,
        "name": "Romance"
      }
    ],
    "vote_average": 8.3,
    "popularity": 55.14,
    "budget": 82000000,
    "revenue": 181873627,
    "runtime": 137,
    "production_countries": [
      {
        "iso_3166_1": "KR"
      }
    ]
  },
  {
    "id": 1262,
    "title": "Movie_262",
    "release_date": "2015-07-23",
    "genres": [
      {
        "id": 0,
        "name": "Romance"
      },
      {
        "id": 1,
        "name": "Action"
      }
    ],
    "vote_average": 7.5,
    "popularity": 493.51,
    "budget": 0,
    "revenue": 0,
    "runtime": 93,
    "production_countries": [
      {
        "iso_3166_1": "KR"
      }
    ]
  },
  {
    "id": 1263,
    "title": "Movie_263",
    "release_date": "2021-10-28",
    "genres": [
      {
        "id": 0,
        "name": "Drama"
      }
    ],
    "vote_average": 8.6,
    "popularity": 244.68,
    "budget": 154000000,
    "revenue": 209443730,
    "runtime": 121,
    "production_countries": [
      {
        "iso_3166_1": "US"
      }
    ]
  },
  {
    "id": 1264,
    "title": "Movie_264",
    "release_date": "2022-06-13",
    "genres": [
      {
        "id": 0,
        "name": "Action"
      },
      {
        "id": 1,
        "name": "Comedy"
      }
    ],
    "vote_average": 0.0,
    "popularity": 490.95,
    "budget": 130000000,
    "revenue": 402141152,
    "runtime": 122,
    "production_countries": [
      {
        "iso_3166_1": "UK"
      }
    ]
  },
  {
    "id": 1265,
    "title": "Movie_265",
    "release_date": "2015-09-16",
    "genres": [
      {
        "id": 0,
        "name": "Comedy"
      }
    ],
    "vote_average": 5.0,
    "popularity": 59.42,
    "budget": 91000000,
    "revenue": 366643886,
    "runtime": 174,
    "production_countries": [
      {
        "iso_3166_1": "JP"
      }
    ]
  },
  {
    "id": 1266,
    "title": "Movie_266",
    "release_date": "2017-02-09",
    "genres": [
      {
        "id": 0,
        "name": "Sci-Fi"
      }
    ],
    "vote_average": 8.9,
    "popularity": 469.93,
    "budget": 136000000,
    "revenue": 266043893,
    "runtime": 119,
    "production_countries": [
      {
        "iso_3166_1": "KR"
      }
    ]
  },
  {
    "id": 1267,
    "title": "Movie_267",
    "release_date": "2022-07-31",
    "genres": [
      {
        "id": 0,
        "name": "Sci-Fi"
      }
    ],
    "vote_average": 6.9,
    "popularity": 114.93,
    "budget": 30000000,
    "revenue": 130810181,
    "runtime": 90,
    "production_countries": [
      {
        "iso_3166_1": "UK"
      }
    ]
  },
  {
    "id": 1268,
    "title": "Movie_268",
    "release_date": "2018-03-22",
    "genres": [
      {
        "id": 0,
        "name": "Romance"
      }
    ],
    "vote_average": 7.9,
    "popularity": 114.72,
    "budget": 15000000,
    "revenue": 41631352,
    "runtime": 82,
    "production_countries": [
      {
        "iso_3166_1": "FR"
      }
    ]
  },
  {
    "id": 1269,
    "title": "Movie_269",
    "release_date": "2022-04-24",
    "genres": [
      {
        "id": 0,
        "name": "Drama"
      }
    ],
    "vote_average": 6.0,
    "popularity": 498.42,
    "budget": 94000000,
    "revenue": 344476773,
    "runtime": 172,
    "production_countries": [
      {
        "iso_3166_1": "JP"
      }
    ]
  },
  {
    "id": 1270,
    "title": "Movie_270",
    "release_date": "2015-12-11",
    "genres": [
      {
        "id": 0,
        "name": "Romance"
      }
    ],
    "vote_average": 5.7,
    "popularity": 260.97,
    "budget": 137000000,
    "revenue": 141635239,
    "runtime": 138,
    "production_countries": [
      {
        "iso_3166_1": "UK"
      }
    ]
  },
  {
    "id": 1271,
    "title": "Movie_271",
    "release_date": "2018-06-06",
    "genres": [
      {
        "id": 0,
        "name": "Action"
      },
      {
        "id": 1,
        "name": "Comedy"
      }
    ],
    "vote_average": 8.8,
    "popularity": 311.08,
    "budget": 153000000,
    "revenue": 681956236,
    "runtime": 173,
    "production_countries": [
      {
        "iso_3166_1": "JP"
      }
    ]
  },
  {
    "id": 1272,
    "title": "Movie_272",
    "release_date": "2017-08-16",
    "genres": [
      {
        "id": 0,
        "name": "Documentary"
      }
    ],
    "vote_average": 6.7,
    "popularity": 462.07,
    "budget": 70000000,
    "revenue": 256268695,
    "runtime": 108,
    "production_countries": [
      {
        "iso_3166_1": "FR"
      }
    ]
  },
  {
    "id": 1273,
    "title": "Movie_273",
    "release_date": "2018-12-01",
    "genres": [
      {
        "id": 0,
        "name": "Sci-Fi"
      }
    ],
    "vote_average": 6.4,
    "popularity": 213.35,
    "budget": 113000000,
    "revenue": 64676238,
    "runtime": 112,
    "production_countries": [
      {
        "iso_3166_1": "FR"
      }
    ]
  },
  {
    "id": 1274,
    "title": "Movie_274",
    "release_date": "2015-03-18",
    "genres": [
      {
        "id": 0,
        "name": "Drama"
      },
      {
        "id": 1,
        "name": "Comedy"
      }
    ],
    "vote_average": 0.0,
    "popularity": 352.23,
    "budget": 196000000,
    "revenue": 508840018,
    "runtime": 131,
    "production_countries": [
      {
        "iso_3166_1": "UK"
      }
    ]
  },
  {
    "id": 1275,
    "title": "Movie_275",
    "release_date": "2019-11-15",
    "genres": [
      {
        "id": 0,
        "name": "Sci-Fi"
      },
      {
        "id": 1,
        "name": "Comedy"
      }
    ],
    "vote_average": 7.8,
    "popularity": 239.02,
    "budget": 156000000,
    "revenue": 109437975,
    "runtime": 160,
    "production_countries": [
      {
        "iso_3166_1": "US"
      }
    ]
  },
  {
    "id": 1276,
    "title": "Movie_276",
    "release_date": "2018-04-01",
    "genres": [
      {
        "id": 0,
        "name": "Documentary"
      }
    ],
    "vote_average": 7.2,
    "popularity": 448.48,
    "budget": 27000000,
    "revenue": 119550937,
    "runtime": 180,
    "production_countries": [
      {
        "iso_3166_1": "FR"
      }
    ]
  },
  {
    "id": 1277,
    "title": "Movie_277",
    "release_date": "2021-10-18",
    "genres": [
      {
        "id": 0,
        "name": "Documentary"
      }
    ],
    "vote_average": 5.7,
    "popularity": 356.83,
    "budget": 0,
    "revenue": 0,
    "runtime": 135,
    "production_countries": [
      {
        "iso_3166_1": "FR"
      }
    ]
  },
  {
    "id": 1278,
    "title": "Movie_278",
    "release_date": "2019-10-19",
    "genres": [
      {
        "id": 0,
        "name": "Drama"
      },
      {
        "id": 1,
        "name": "Sci-Fi"
      }
    ],
    "vote_average": 8.6,
    "popularity": 188.26,
    "budget": 116000000,
    "revenue": 175633755,
    "runtime": 157,
    "production_countries": [
      {
        "iso_3166_1": "US"
      }
    ]
  },
  {
    "id": 1279,
    "title": "Movie_279",
    "release_date": "2017-12-26",
    "genres": [
      {
        "id": 0,
        "name": "Horror"
      }
    ],
    "vote_average": 5.6,
    "popularity": 260.09,
    "budget": 66000000,
    "revenue": 142568595,
    "runtime": 138,
    "production_countries": [
      {
        "iso_3166_1": "US"
      }
    ]
  },
  {
    "id": 1280,
    "title": "Movie_280",
    "release_date": "2023-01-22",
    "genres": [
      {
        "id": 0,
        "name": "Drama"
      }
    ],
    "vote_average": 5.9,
    "popularity": 383.62,
    "budget": 0,
    "revenue": 0,
    "runtime": 999,
    "production_countries": [
      {
        "iso_3166_1": "US"
      }
    ]
  },
  {
    "id": 1281,
    "title": "Movie_281",
    "release_date": "2019-10-06",
    "genres": [
      {
        "id": 0,
        "name": "Horror"
      },
      {
        "id": 1,
        "name": "Drama"
      }
    ],
    "vote_average": 0.0,
    "popularity": 30.3,
    "budget": 8000000,
    "revenue": 38042559,
    "runtime": 111,
    "production_countries": [
      {
        "iso_3166_1": "JP"
      }
    ]
  },
  {
    "id": 1282,
    "title": "Movie_282",
    "release_date": "2022-06-08",
    "genres": [
      {
        "id": 0,
        "name": "Horror"
      }
    ],
    "vote_average": 8.2,
    "popularity": 166.01,
    "budget": 94000000,
    "revenue": 395114809,
    "runtime": 174,
    "production_countries": [
      {
        "iso_3166_1": "KR"
      }
    ]
  },
  {
    "id": 1283,
    "title": "Movie_283",
    "release_date": "2017-02-07",
    "genres": [
      {
        "id": 0,
        "name": "Romance"
      },
      {
        "id": 1,
        "name": "Sci-Fi"
      }
    ],
    "vote_average": 8.5,
    "popularity": 238.96,
    "budget": 137000000,
    "revenue": 511112027,
    "runtime": 110,
    "production_countries": [
      {
        "iso_3166_1": "KR"
      }
    ]
  },
  {
    "id": 1284,
    "title": "Movie_284",
    "release_date": "2018-07-12",
    "genres": [
      {
        "id": 0,
        "name": "Documentary"
      }
    ],
    "vote_average": 5.7,
    "popularity": 395.52,
    "budget": 56000000,
    "revenue": 188604237,
    "runtime": 146,
    "production_countries": [
      {
        "iso_3166_1": "KR"
      }
    ]
  },
  {
    "id": 1285,
    "title": "Movie_285",
    "release_date": "2019-09-06",
    "genres": [
      {
        "id": 0,
        "name": "Comedy"
      }
    ],
    "vote_average": 7.2,
    "popularity": 320.13,
    "budget": 23000000,
    "revenue": 47959468,
    "runtime": 85,
    "production_countries": [
      {
        "iso_3166_1": "KR"
      }
    ]
  },
  {
    "id": 1286,
    "title": "Movie_286",
    "release_date": "2017-10-02",
    "genres": [
      {
        "id": 0,
        "name": "Romance"
      }
    ],
    "vote_average": 5.6,
    "popularity": 177.4,
    "budget": 181000000,
    "revenue": 553061653,
    "runtime": 135,
    "production_countries": [
      {
        "iso_3166_1": "FR"
      }
    ]
  },
  {
    "id": 1287,
    "title": "Movie_287",
    "release_date": "2020-03-16",
    "genres": [
      {
        "id": 0,
        "name": "Drama"
      },
      {
        "id": 1,
        "name": "Action"
      }
    ],
    "vote_average": 8.4,
    "popularity": 369.16,
    "budget": 0,
    "revenue": 0,
    "runtime": 128,
    "production_countries": [
      {
        "iso_3166_1": "JP"
      }
    ]
  },
  {
    "id": 1288,
    "title": "Movie_288",
    "release_date": "2017-07-13",
    "genres": [
      {
        "id": 0,
        "name": "Sci-Fi"
      },
      {
        "id": 1,
        "name": "Romance"
      }
    ],
    "vote_average": 7.0,
    "popularity": 123.04,
    "budget": 8000000,
    "revenue": 15583458,
    "runtime": 81,
    "production_countries": [
      {
        "iso_3166_1": "FR"
      }
    ]
  },
  {
    "id": 1289,
    "title": "Movie_289",
    "release_date": "2018-05-23",
    "genres": [
      {
        "id": 0,
        "name": "Romance"
      }
    ],
    "vote_average": 7.0,
    "popularity": 473.5,
    "budget": 0,
    "revenue": 0,
    "runtime": 81,
    "production_countries": [
      {
        "iso_3166_1": "FR"
      }
    ]
  },
  {
    "id": 1290,
    "title": "Movie_290",
    "release_date": "2018-07-05",
    "genres": [
      {
        "id": 0,
        "name": "Comedy"
      },
      {
        "id": 1,
        "name": "Drama"
      }
    ],
    "vote_average": 8.3,
    "popularity": 241.02,
    "budget": 0,
    "revenue": 0,
    "runtime": 104,
    "production_countries": [
      {
        "iso_3166_1": "UK"
      }
    ]
  },
  {
    "id": 1291,
    "title": "Movie_291",
    "release_date": "2016-03-28",
    "genres": [
      {
        "id": 0,
        "name": "Romance"
      },
      {
        "id": 1,
        "name": "Documentary"
      }
    ],
    "vote_average": 7.7,
    "popularity": 463.01,
    "budget": 120000000,
    "revenue": 155677692,
    "runtime": 117,
    "production_countries": [
      {
        "iso_3166_1": "KR"
      }
    ]
  },
  {
    "id": 1292,
    "title": "Movie_292",
    "release_date": "2020-10-09",
    "genres": [
      {
        "id": 0,
        "name": "Action"
      },
      {
        "id": 1,
        "name": "Horror"
      }
    ],
    "vote_average": 6.2,
    "popularity": 48.22,
    "budget": 0,
    "revenue": 0,
    "runtime": 178,
    "production_countries": [
      {
        "iso_3166_1": "JP"
      }
    ]
  },
  {
    "id": 1293,
    "title": "Movie_293",
    "release_date": "2022-02-06",
    "genres": [
      {
        "id": 0,
        "name": "Documentary"
      },
      {
        "id": 1,
        "name": "Horror"
      }
    ],
    "vote_average": 6.2,
    "popularity": 11.42,
    "budget": 123000000,
    "revenue": 446015396,
    "runtime": 171,
    "production_countries": [
      {
        "iso_3166_1": "KR"
      }
    ]
  },
  {
    "id": 1294,
    "title": "Movie_294",
    "release_date": "2020-11-05",
    "genres": [
      {
        "id": 0,
        "name": "Documentary"
      }
    ],
    "vote_average": 8.7,
    "popularity": 30.16,
    "budget": 110000000,
    "revenue": 476536808,
    "runtime": 136,
    "production_countries": [
      {
        "iso_3166_1": "KR"
      }
    ]
  },
  {
    "id": 1295,
    "title": "Movie_295",
    "release_date": "2016-05-11",
    "genres": [
      {
        "id": 0,
        "name": "Romance"
      }
    ],
    "vote_average": 7.9,
    "popularity": 97.37,
    "budget": 94000000,
    "revenue": 314337536,
    "runtime": 103,
    "production_countries": [
      {
        "iso_3166_1": "US"
      }
    ]
  },
  {
    "id": 1296,
    "title": "Movie_296",
    "release_date": "2016-04-08",
    "genres": [
      {
        "id": 0,
        "name": "Documentary"
      },
      {
        "id": 1,
        "name": "Sci-Fi"
      }
    ],
    "vote_average": 8.8,
    "popularity": 259.94,
    "budget": 63000000,
    "revenue": 264068555,
    "runtime": 137,
    "production_countries": [
      {
        "iso_3166_1": "JP"
      }
    ]
  },
  {
    "id": 1297,
    "title": "Movie_297",
    "release_date": "2017-08-28",
    "genres": [
      {
        "id": 0,
        "name": "Drama"
      }
    ],
    "vote_average": 5.4,
    "popularity": 256.24,
    "budget": 193000000,
    "revenue": 367909801,
    "runtime": 101,
    "production_countries": [
      {
        "iso_3166_1": "US"
      }
    ]
  },
  {
    "id": 1298,
    "title": "Movie_298",
    "release_date": "2015-05-22",
    "genres": [
      {
        "id": 0,
        "name": "Documentary"
      }
    ],
    "vote_average": 7.1,
    "popularity": 93.42,
    "budget": 0,
    "revenue": 0,
    "runtime": 95,
    "production_countries": [
      {
        "iso_3166_1": "US"
      }
    ]
  },
  {
    "id": 1299,
    "title": "Movie_299",
    "release_date": "2016-11-11",
    "genres": [
      {
        "id": 0,
        "name": "Action"
      },
      {
        "id": 1,
        "name": "Comedy"
      }
    ],
    "vote_average": 6.3,
    "popularity": 495.59,
    "budget": 86000000,
    "revenue": 77658728,
    "runtime": 83,
    "production_countries": [
      {
        "iso_3166_1": "US"
      }
    ]
  }
]